    #alternate alternate alternate alternate alternate alternate alternate
   alternate alternate alternate alternate alternate alternate alternate
   alternate alternate alternate alternate alternate alternate alternate
   alternate alternate alternate alternate alternate alternate alternate
   alternate alternate alternate alternate

   Menu
     * Nos points de vente
     * Spa
     * Qui sommes-nous?
     * Contactez-nous

   Clarins

   Search

   ____________________ (BUTTON) Envoyer

   0
     * Connexion

   [BUTTON Input] (not implemented)_____ Menu
     * Points de vente
     * Mon compte

     * Visage
       (BUTTON) Retour

Visage
       Voir tout
          + Catégories
            (BUTTON) Retour à Visage
               o Nettoyants & Lotions
               o Sérums & Boosters
               o Soins de jour
               o Soins de nuit
               o Contour des yeux
               o Soins Lèvres & Cou
               o Exfoliants & Masques
               o Huiles Visage
          + Collections
            (BUTTON) Retour à Visage
               o Boosters
               o Double Serum
               o Douceur
               o Éclat du Jour
               o Extra-Firming
               o Hydra-Essentiel
               o Lift-Affine
               o Masques SOS
               o Mission Perfection
               o Multi-Active
               o Multi-Intensive
               o My Clarins
               o UV Plus
               o White Plus
          + Préoccupation Beauté
            (BUTTON) Retour à Visage
               o Anti-âge
               o Anti-poches, Anti-cernes
               o Brillance et pores visibles
               o Clarté, Anti-taches
               o Éclat et Énergie
               o Hydratation
               o Minceur
               o Peau sensible
               o Protection anti-UV
               o Raffermissant
          + Nos sélections
               o Nouveautés Visage
               o Meilleures Ventes
               o Grands formats
               o Formats Voyage
               o Exclusivités
               o My Clarins
               o Clarins Box
               o Votre guide beauté
               o La beauté à emporter
          + Vous avez des questions ? Vous avez des questions ? Découvrez
            toutes nos réponses
            dans la nouvelle FAQ Beauté DÉCOUVRIR
       BESOIN D'UN CONSEIL ?
       Votre routine beauté personnalisée
     * Maquillage
       (BUTTON) Retour

Maquillage
       Voir tout
          + Teint
            (BUTTON) Retour à Maquillage
               o Bases & enlumineurs
               o Anti-cernes
               o Fonds de teint
               o Poudres
               o Blushs & poudres soleil
               o Fixateurs de Maquillage
               o Pinceaux
          + Yeux
            (BUTTON) Retour à Maquillage
               o Fards à Paupières
               o Eye Liner & Crayons
               o Mascaras
               o Sourcils
               o Bases fixantes
               o Démaquillants Yeux
          + Lèvres
            (BUTTON) Retour à Maquillage
               o Rouges à lèvres
               o Gloss
               o Baumes lèvres
               o Contour des lèvres
               o Huiles lèvres
               o Eaux à lèvres
          + Nos sélections
               o Nouveautés Maquillage
               o Meilleures Ventes
               o Collection Maquillage Printemps
               o Exclusivités
               o My Clarins
               o Clarins Box
               o Lipstick Finder
               o Foundation Finder
               o La beauté à emporter
          + Mascara Supra Volume SELFIE READY AVEC CLARINS Resplendissez
            sous les flashs ! DÉCOUVRIR
     * Corps
       (BUTTON) Retour

Corps
       Voir tout
          + Catégories
            (BUTTON) Retour à Corps
               o Minceur
               o Fermeté
               o Hydratants
               o Eaux de Soins
               o Exfoliants Corps
               o Huiles Corps
               o Bain & douche
               o Soins Buste
               o Soins des Mains & des Pieds
          + Préoccupation Beauté
            (BUTTON) Retour à Corps
               o Anti-âge
               o Éclat et Énergie
               o Hydratation et Confort
               o Maternité
               o Peau sensible
               o Raffermissant
               o Rétention d'eau
          + Nos sélections
               o Nouveautés Corps
               o Meilleures Ventes
               o Grands Formats
               o Exclusivités
               o My Clarins
               o Clarins Box
               o La beauté à emporter
          + PARFAITEMENT HYDRATÉE Body Fit Votre Expert Minceur
            en grand format JE DÉCOUVRE
          + PARFAITEMENT HYDRATÉE Besoin d’un coup de boost ? Fraîcheur
            intense et vitalité au rendez-vous ! JE DÉCOUVRE
     * My Clarins
       La nouvelle génération de soins

La nouvelle génération
de soins
       JE VEUX TOUT SAVOIR
       Quelle est ma routine idéale

Quelle est ma routine idéale ?
de soins
       JE FAIS LE QUIZ
       Mes indispensables

Mes indispensables
de soins
       JE DÉCOUVRE
     * Maternite
       Maternite

Conseils Beauté
       Découvrir
       Maternite

Les indispensables
       Découvrir
       Maternite

Les mamans d’abord
       Découvrir
     * Solaire
       (BUTTON) Retour

Solaire
       Voir tout
          + Catégories
            (BUTTON) Retour à Solaire
               o Protection solaire
               o Après-soleil
               o Auto-bronzants
          + PRÉOCCUPATION BEAUTÉ
            (BUTTON) Retour à Solaire
               o Concentré Éclat
               o Éclat et Énergie
               o Hydratation et Confort
               o Protection anti-UV
               o SPF 30
               o SPF 50
          + Nos sélections
               o Nouveautés
               o Meilleures Ventes
               o Grands formats
               o Exclusivités
               o Clarins Box
               o La beauté à emporter
          + protectionsolaire SOINS SOLAIRES Pour ne prendre que le
            meilleur du soleil. JE DÉCOUVRE
          + La beauté à emporter. Créez votre routine personnalisée. LA
            BEAUTE À EMPORTER ! Votre routine Clarins en taille voyage
            pour 29€. DÉCOUVRIR
     * Homme
       (BUTTON) Retour

Homme
       Voir tout
          + Catégories
            (BUTTON) Retour à Homme
               o Nettoyants & Lotions
               o Rasage
               o Hydratation
               o Anti-Âge
               o Soins Corps
          + Préoccupation Beauté
            (BUTTON) Retour à Homme
               o Anti-fatigue
               o Anti-poches, Anti-cernes
               o Concentré Éclat
               o Éclat et Énergie
               o Hydratation
               o Peau sensible
               o Protection anti-UV
               o SPF 20
          + Nos sélections
               o Nouveautés Homme
               o Meilleures Ventes
               o Grands formats
               o Exclusivités
          + SoinsRasage Soins Clarins Men Longue vie à la peau des hommes.
            DÉCOUVRIR
          + HydraSculptt Hydra-Sculpt Soin Restructurant Beau sous tous
            les angles. DÉCOUVRIR
     * Cadeaux
       (BUTTON) Retour

Cadeaux
       Voir tout
          + Catégories
            (BUTTON) Retour à Cadeaux
               o Pour Elle
               o Pour Lui
               o Coffrets cadeaux
               o eCarte cadeau
          + Prix
            (BUTTON) Retour à Cadeaux
               o 0€ - 50€
               o 50€ - 100€
               o 100€ - 200€
          + Idéescadeaux BON CADEAU SPA Offrez un soin visage, un soin
            corps ou un massage dans nos boutiques ACHETER
          + CadeauClarins ECARTES CADEAUX Facile et rapide : le cadeau
            idéal en un seul clic ACHETER
          + ClarinsBox Composez votre Cadeau sur-mesure A la recherche du
            cadeau parfait? Laissez-vous guider, Clarins vous aide à
            composer votre Cadeau sur-mesure ! DÉCOUVRIR
     * Offres
       [2019_SOS_Fraicheur_Prospects_FR_MegamenuFullWidth_571x331_Inte.jpg
       ]
       [Pictogram-Gift.svg]
       Jusqu’au 19 août

QUE CALOR !
       Clarins puise au cœur de la nature ses secrets de fraîcheur pour
       une peau belle et en pleine forme en toute température.
       Dès 80€ d'achat, recevez 2 essentiels beauté au choix et
       1 eau de soins super rafraîchissante.
       J'EN PROFITE

Entrez votre e-mail pour recevoir des offres spéciales
       ____________________ *Adresse e-mail
       (S'inscrire) S'inscrire
     * Club Clarins
     * Clarinsmag
     * Beauty School
     * [BUTTON Input] (not implemented)____
          + Cadeaux
          + Offres
          + Club Clarins
          + Clarinsmag
          + Beauty School

     * Nos points de vente
     * Spa
     * Qui sommes-nous?
     * Contactez-nous

   Search

   ____________________ (BUTTON) Envoyer

   La fonctionnalité Javascript de votre navigateur est désactivée.
   Veuillez l'activer pour profiter pleinement des possibilités de ce
   site.
   Accueil Visage

Visage Anti-poches, Anti-cernes

   8 Produits

   Trier par :

   Trier par : [PERTINENCE_________] (BUTTON) Envoyer

   Filtrer
   Effacer les filtres
   Catégorie
     * [X] Visage (122)
          + [ ] Sérums & Boosters (1)
          + [ ] Soins de jour (2)
          + [ ] Contour des yeux (7)
     * [ ] Maquillage (77)
     * [ ] Corps (78)
     * [ ] My Clarins (6)
     * [ ] Maternite (2)
     * [ ] Solaire (24)
     * [ ] Homme (29)
     * [ ] Cadeaux (118)
     * [ ] Offres (33)
     * [ ] Vanity Gifts (31)

   Prix
     * [ ] 0€ - 50€ (4)
     * [ ] 50€ - 100€ (4)

   Collections
     * [ ] Extra-Firming (1)
     * [ ] Hydra-Essentiel (1)
     * [ ] Lift-Affine (1)
     * [ ] Mission Perfection (2)
     * [ ] Multi-Active (1)
     * [ ] Multi-Intensive (1)

   Préoccupation Beauté
     * [ ] Anti-âge (37)
     * [X] Anti-poches, Anti-cernes (8)
     * [ ] Brillance et pores visibles (19)
     * [ ] Clarté, Anti-taches (6)
     * [ ] Éclat et Énergie (44)
     * [ ] Hydratation (28)
     * [ ] Minceur (5)
     * [ ] Peau sensible (14)
     * [ ] Protection anti-UV (8)
     * [ ] Raffermissant (1)

   Soins Anti-Âge
     * [ ] 30+ (2)
     * [ ] 30-40 ans (1)
     * [ ] 40-50 ans (1)
     * [ ] 50+ (1)
     * [ ] Tous les âges (2)

   Type de Peau
     * [ ] Tous types de peaux (7)

   Texture
     * [ ] Baume (1)
     * [ ] Crème (3)
     * [ ] Crème-Gel (1)
     * [ ] Fluide (1)
     * [ ] Gel (1)

   Effacer les filtres
   Filtres sélectionnés : Anti-poches, Anti-cernes x

   Trier par :

   [PERTINENCE_________] Trier par :
   (BUTTON) Envoyer

   vue grille
   vue détaillée
     *

     * Multi-Intensive Concentré Zone Regard
     * Multi-Intensive Concentré Zone Regard
     * Multi-Intensive Concentré Zone Regard

   MEILLEURE VENTE
   Multi-Intensive Concentré Zone Regard Multi-Intensive Concentré Zone
   Regard
   Multi-Intensive Concentré Zone Regard
   Le soin qui va plus loin que le contour des yeux pour faire rayonner le
   regard des femmes de 50 ans.
     70,00 €
   466,67 € / 100 ml
   LIVRAISON GRATUITE
   15 ml
   (Ajouter au panier) Ajouter au panier
     Ajouter à la liste de favoris



     * Gel Contour des Yeux Anti-cernes Anti-poches
     * Gel Contour des Yeux Anti-cernes Anti-poches

   Gel Contour des Yeux Anti-cernes Anti-poches Gel Contour des Yeux
   Anti-cernes Anti-poches

   Gel Contour des Yeux Anti-cernes Anti-poches
   Réduit visiblement les cernes et poches/ Eclaire, repose le regard

     37,70 €

   188,50 € / 100 ml

   20 ml

   (Ajouter au panier) Ajouter au panier

     Ajouter à la liste de favoris



     * Lift-Affine Sérum Grands Yeux
     * Lift-Affine Sérum Grands Yeux

   Lift-Affine Sérum Grands Yeux Lift-Affine Sérum Grands Yeux

   Lift-Affine Sérum Grands Yeux
   Le sérum imaginé pour révéler l'immensité de votre regard.

     57,80 €

   385,33 € / 100 ml

   15 ml

   (Ajouter au panier) Ajouter au panier

     Ajouter à la liste de favoris   Commander un échantillon



     * Hydra-Essentiel Masque Yeux
     * Hydra-Essentiel Masque Yeux

   Hydra-Essentiel Masque Yeux Hydra-Essentiel Masque Yeux

   Hydra-Essentiel Masque Yeux
   Le masque hydratant pour les yeux en manque d'hydratation, marqués par
   la fatigue.

     38,00 €

   126,67 € / 100 ml

   30 ml

   (Ajouter au panier) Ajouter au panier

     Ajouter à la liste de favoris



   [cspot-placeholder.gif]
   [Pictogram-Gift.svg]

   Jusqu’au 19 août

QUE CALOR !

   Clarins puise au cœur de la nature ses secrets de fraîcheur pour une
   peau belle et en pleine forme en toute température.
   Dès 80€ d'achat, recevez 2 essentiels beauté au choix et
   1 eau de soins super rafraîchissante.

   J'EN PROFITE



     * Mission Perfection Yeux SPF15
     * Mission Perfection Yeux SPF15
     * Mission Perfection Yeux SPF15
     * Mission Perfection Yeux SPF15

   Mission Perfection Yeux SPF15 Mission Perfection Yeux SPF15

   Mission Perfection Yeux SPF15
   Le soin contour des yeux contre les cernes rebelles

     45,00 €

   300,00 € / 100 ml

   15 ml

   (Ajouter au panier) Ajouter au panier

     Ajouter à la liste de favoris



     * Extra-Firming Yeux
     * Extra-Firming Yeux

   NOUVEAU
   Extra-Firming Yeux Extra-Firming Yeux

   Extra-Firming Yeux
   Expert rides, fermeté et éclat

     57,00 €

   380,00 € / 100 ml

   15 ml

   (Ajouter au panier) Ajouter au panier

     Ajouter à la liste de favoris



     * Mission Perfection Sérum grand format
     * Mission Perfection Sérum grand format

   LUXURY SIZE
   Mission Perfection Sérum grand format Mission Perfection Sérum grand
   format

   Mission Perfection Sérum grand format
   Réduit l'apparence des taches pigmentaires, unifie, redonne de la
   lumière. Flacon 50 ml avec étui.

     97,00 €

   194,00 € / 100 ml

   LIVRAISON GRATUITE

   50 ml

   (Ajouter au panier) Ajouter au panier

     Ajouter à la liste de favoris



     * Multi-Active Yeux
     * Multi-Active Yeux

   Multi-Active Yeux Multi-Active Yeux

   Multi-Active Yeux
   Le soin yeux anti-rides, anti-cernes, anti-poches ou Défatigant éclair,
   premières rides

     45,00 €

   300,00 € / 100 ml

   15 ml

   (Ajouter au panier) Ajouter au panier

     Ajouter à la liste de favoris   Commander un échantillon

   Go to top

Vos avantages permanents

     * Livraison gratuite dès € 70 d'achat
     * 3 échantillons
       offerts
     * Cadeaux
       exclusifs
     * Vos achats récompensés
     * Contactez-nous

     * PayPal
     * Visa
     * Mastercard

     * iDeal
     * Bancontact
     * UPS

   (BUTTON) +

Meilleures Ventes

     * Double Serum
     * Multi-Intensive Crème Rose Lumière - Toutes peaux
     * Double Serum et Multi-Intensive Programme anti-âge
     * Plant Gold - L'Or des Plantes
     * Extra-Firming Jour SPF 15 Toutes Peaux
     * Jour SPF 15 Toutes Peaux
     * Multi-Intensive Crème Haute Exigence Jour Toutes Peaux

   (BUTTON) +

Catégories

     * Nettoyants et Lotions
     * Hydratants
     * Sérums
     * Huiles Rééquilibrantes
     * Soins Corps
     * Yeux, Lèvres et Cou
     * Auto-bronzant
     * Protection
     * Après-soleil
     * Maquillage

   (BUTTON) +

Les Plus Populaires

     * Double Serum
     * Multi-Intensive Crème Rose Lumière - Toutes peaux
     * My Clarins RE-BOOST crème matité hydratante
     * Lotion Tonique Camomille Peaux Normales ou Sèches 400ml
     * Plant Gold - L'Or des Plantes
     * Extra-Firming Jour SPF 15 Toutes Peaux
     * Jour SPF 15 Toutes Peaux

   (BUTTON) +

Les Plus Populaires

     * Double Serum
     * Multi-Intensive Crème Rose Lumière - Toutes peaux
     * Double Serum et Multi-Intensive Programme anti-âge
     * Plant Gold - L'Or des Plantes
     * Eau Dynamisante - recharge
     * Huile "Tonic"
     * Lift-Fermeté Crème Riche Régénérante
     * Eclat Minute Embellisseur Lèvres
     * Baume Lèvres réparateur
     * SOS Primer 00-universal light

   (BUTTON) +

Nouveautés

     * Multi-Active Jour Toutes peaux
     * Multi-Active Jour Toutes peaux
     * Multi-Active Jour Peaux sèches
     * Multi-Active Jour SPF 20 Toutes peaux
     * Multi-Active Jour Gelée Peaux normales à mixtes
     * Mission Perfection Sérum
     * Multi-Intensive Concentré Zone Regard

   (BUTTON) +

Nouveautés

     * Gel Buste Super Lift
     * Shampoing Douche ClarinsMen
     * Mascara Volume
     * Bain aux Plantes "Tonic"
     * Palette Ready in a Flash
     * Pick&Love Lotion Tonique Camomille
     * ClarinsMen Fluide Super Hydratant SPF20
     * My Clarins RE-BOOST crème matité hydratante
     * Tonic Citrus Lait Corps
     * Belles mains et jolis pieds

   (BUTTON) -

Service & aide

     * Mon compte
     * Suivi de ma commande
     * Retours
     * Nous contacter
     * Informations d'expédition
     * F.A.Q.
     * Trouver un magasin/Spa
     * Consultation Beauté Clarins
     * FAQ Beauté
     * Options de paiement
     * Cookie Policy
     * Facil'iti

   (BUTTON) -

À propos

     * Le Groupe Clarins
     * Actions responsables
     * Spa
     * Recrutement
     * Club Clarins
     * Points de vente
     * Prix Clarins
     * Adapter l'affichage

Suivez-nous

     * Facebook
     *
     * Instagram
     * Pinterest
     * Twitter

Inscription à la newsletter

   ____________________ *Adresse e-mail
   (S'inscrire) S'inscrire
   *Champ obligatoire

   Les informations recueillies font l’objet d’un traitement informatique
   destiné à Clarins et à ses prestataires aux fins de gestion de la
   relation client,
   ... notamment pour vous adresser des offres personnalisées en fonction
   de vos précédents achats et intérêts. Elles sont conservées pendant un
   délai de trois ans à compter de votre dernier achat ou contact. Vous
   disposez d’un droit d’accès, de rectification, de suppression et de
   portabilité des informations qui vous concernent ainsi que d’un droit
   d’opposition et de limitation du traitement que vous pouvez exercer en
   nous contactant. Pour en savoir plus, veuillez consulter notre
   politique de respect de la vie privée.
   Voir plus

Consignes de tri

   Logo Triman Nos emballages / produits peuvent faire l'objet d'une
   consigne de tri.
   Pour en savoir plus:
   www.consignesdetri.fr

Sélectionnez

   [Clarins France_______________]
   Données personnelles | CGV | Mentions légales    ©Clarins copyright

   Chargement
   Votre session a expiré. Vous serez redirigé(e) vers la page d'accueil
   dans quelques secondes...
    #alternate alternate alternate alternate alternate alternate alternate
   alternate alternate alternate alternate alternate alternate alternate
   alternate alternate alternate alternate alternate alternate alternate
   alternate alternate alternate alternate alternate alternate alternate
   alternate alternate alternate alternate next

   Menu
     * Nos points de vente
     * Spa
     * Qui sommes-nous?
     * Contactez-nous

   Clarins

   Search

   ____________________ (BUTTON) Envoyer

   0
     * Connexion

   [BUTTON Input] (not implemented)_____ Menu
     * Points de vente
     * Mon compte

     * Visage
       (BUTTON) Retour

Visage
       Voir tout
          + Catégories
            (BUTTON) Retour à Visage
               o Nettoyants & Lotions
               o Sérums & Boosters
               o Soins de jour
               o Soins de nuit
               o Contour des yeux
               o Soins Lèvres & Cou
               o Exfoliants & Masques
               o Huiles Visage
          + Collections
            (BUTTON) Retour à Visage
               o Boosters
               o Double Serum
               o Douceur
               o Éclat du Jour
               o Extra-Firming
               o Hydra-Essentiel
               o Lift-Affine
               o Masques SOS
               o Mission Perfection
               o Multi-Active
               o Multi-Intensive
               o My Clarins
               o UV Plus
               o White Plus
          + Préoccupation Beauté
            (BUTTON) Retour à Visage
               o Anti-âge
               o Anti-poches, Anti-cernes
               o Brillance et pores visibles
               o Clarté, Anti-taches
               o Éclat et Énergie
               o Hydratation
               o Minceur
               o Peau sensible
               o Protection anti-UV
               o Raffermissant
          + Nos sélections
               o Nouveautés Visage
               o Meilleures Ventes
               o Grands formats
               o Formats Voyage
               o Exclusivités
               o My Clarins
               o Clarins Box
               o Votre guide beauté
               o La beauté à emporter
          + Vous avez des questions ? Vous avez des questions ? Découvrez
            toutes nos réponses
            dans la nouvelle FAQ Beauté DÉCOUVRIR
       BESOIN D'UN CONSEIL ?
       Votre routine beauté personnalisée
     * Maquillage
       (BUTTON) Retour

Maquillage
       Voir tout
          + Teint
            (BUTTON) Retour à Maquillage
               o Bases & enlumineurs
               o Anti-cernes
               o Fonds de teint
               o Poudres
               o Blushs & poudres soleil
               o Fixateurs de Maquillage
               o Pinceaux
          + Yeux
            (BUTTON) Retour à Maquillage
               o Fards à Paupières
               o Eye Liner & Crayons
               o Mascaras
               o Sourcils
               o Bases fixantes
               o Démaquillants Yeux
          + Lèvres
            (BUTTON) Retour à Maquillage
               o Rouges à lèvres
               o Gloss
               o Baumes lèvres
               o Contour des lèvres
               o Huiles lèvres
               o Eaux à lèvres
          + Nos sélections
               o Nouveautés Maquillage
               o Meilleures Ventes
               o Collection Maquillage Printemps
               o Exclusivités
               o My Clarins
               o Clarins Box
               o Lipstick Finder
               o Foundation Finder
               o La beauté à emporter
          + Mascara Supra Volume SELFIE READY AVEC CLARINS Resplendissez
            sous les flashs ! DÉCOUVRIR
     * Corps
       (BUTTON) Retour

Corps
       Voir tout
          + Catégories
            (BUTTON) Retour à Corps
               o Minceur
               o Fermeté
               o Hydratants
               o Eaux de Soins
               o Exfoliants Corps
               o Huiles Corps
               o Bain & douche
               o Soins Buste
               o Soins des Mains & des Pieds
          + Préoccupation Beauté
            (BUTTON) Retour à Corps
               o Anti-âge
               o Éclat et Énergie
               o Hydratation et Confort
               o Maternité
               o Peau sensible
               o Raffermissant
               o Rétention d'eau
          + Nos sélections
               o Nouveautés Corps
               o Meilleures Ventes
               o Grands Formats
               o Exclusivités
               o My Clarins
               o Clarins Box
               o La beauté à emporter
          + PARFAITEMENT HYDRATÉE Body Fit Votre Expert Minceur
            en grand format JE DÉCOUVRE
          + PARFAITEMENT HYDRATÉE Besoin d’un coup de boost ? Fraîcheur
            intense et vitalité au rendez-vous ! JE DÉCOUVRE
     * My Clarins
       La nouvelle génération de soins

La nouvelle génération
de soins
       JE VEUX TOUT SAVOIR
       Quelle est ma routine idéale

Quelle est ma routine idéale ?
de soins
       JE FAIS LE QUIZ
       Mes indispensables

Mes indispensables
de soins
       JE DÉCOUVRE
     * Maternite
       Maternite

Conseils Beauté
       Découvrir
       Maternite

Les indispensables
       Découvrir
       Maternite

Les mamans d’abord
       Découvrir
     * Solaire
       (BUTTON) Retour

Solaire
       Voir tout
          + Catégories
            (BUTTON) Retour à Solaire
               o Protection solaire
               o Après-soleil
               o Auto-bronzants
          + PRÉOCCUPATION BEAUTÉ
            (BUTTON) Retour à Solaire
               o Concentré Éclat
               o Éclat et Énergie
               o Hydratation et Confort
               o Protection anti-UV
               o SPF 30
               o SPF 50
          + Nos sélections
               o Nouveautés
               o Meilleures Ventes
               o Grands formats
               o Exclusivités
               o Clarins Box
               o La beauté à emporter
          + protectionsolaire SOINS SOLAIRES Pour ne prendre que le
            meilleur du soleil. JE DÉCOUVRE
          + La beauté à emporter. Créez votre routine personnalisée. LA
            BEAUTE À EMPORTER ! Votre routine Clarins en taille voyage
            pour 29€. DÉCOUVRIR
     * Homme
       (BUTTON) Retour

Homme
       Voir tout
          + Catégories
            (BUTTON) Retour à Homme
               o Nettoyants & Lotions
               o Rasage
               o Hydratation
               o Anti-Âge
               o Soins Corps
          + Préoccupation Beauté
            (BUTTON) Retour à Homme
               o Anti-fatigue
               o Anti-poches, Anti-cernes
               o Concentré Éclat
               o Éclat et Énergie
               o Hydratation
               o Peau sensible
               o Protection anti-UV
               o SPF 20
          + Nos sélections
               o Nouveautés Homme
               o Meilleures Ventes
               o Grands formats
               o Exclusivités
          + SoinsRasage Soins Clarins Men Longue vie à la peau des hommes.
            DÉCOUVRIR
          + HydraSculptt Hydra-Sculpt Soin Restructurant Beau sous tous
            les angles. DÉCOUVRIR
     * Cadeaux
       (BUTTON) Retour

Cadeaux
       Voir tout
          + Catégories
            (BUTTON) Retour à Cadeaux
               o Pour Elle
               o Pour Lui
               o Coffrets cadeaux
               o eCarte cadeau
          + Prix
            (BUTTON) Retour à Cadeaux
               o 0€ - 50€
               o 50€ - 100€
               o 100€ - 200€
          + Idéescadeaux BON CADEAU SPA Offrez un soin visage, un soin
            corps ou un massage dans nos boutiques ACHETER
          + CadeauClarins ECARTES CADEAUX Facile et rapide : le cadeau
            idéal en un seul clic ACHETER
          + ClarinsBox Composez votre Cadeau sur-mesure A la recherche du
            cadeau parfait? Laissez-vous guider, Clarins vous aide à
            composer votre Cadeau sur-mesure ! DÉCOUVRIR
     * Offres
       [2019_SOS_Fraicheur_Prospects_FR_MegamenuFullWidth_571x331_Inte.jpg
       ]
       [Pictogram-Gift.svg]
       Jusqu’au 19 août

QUE CALOR !
       Clarins puise au cœur de la nature ses secrets de fraîcheur pour
       une peau belle et en pleine forme en toute température.
       Dès 80€ d'achat, recevez 2 essentiels beauté au choix et
       1 eau de soins super rafraîchissante.
       J'EN PROFITE

Entrez votre e-mail pour recevoir des offres spéciales
       ____________________ *Adresse e-mail
       (S'inscrire) S'inscrire
     * Club Clarins
     * Clarinsmag
     * Beauty School
     * [BUTTON Input] (not implemented)____
          + Cadeaux
          + Offres
          + Club Clarins
          + Clarinsmag
          + Beauty School

     * Nos points de vente
     * Spa
     * Qui sommes-nous?
     * Contactez-nous

   Search

   ____________________ (BUTTON) Envoyer

   La fonctionnalité Javascript de votre navigateur est désactivée.
   Veuillez l'activer pour profiter pleinement des possibilités de ce
   site.
   Accueil Visage

Visage Brillance et pores visibles

   19 Produits

   Trier par :

   Trier par : [PERTINENCE_________] (BUTTON) Envoyer

   Filtrer
   Effacer les filtres
   Catégorie
     * [X] Visage (122)
          + [ ] Nettoyants & Lotions (12)
          + [ ] Sérums & Boosters (3)
          + [ ] Soins de jour (2)
          + [ ] Exfoliants & Masques (4)
     * [ ] Maquillage (77)
     * [ ] Corps (78)
     * [ ] My Clarins (6)
     * [ ] Maternite (2)
     * [ ] Solaire (24)
     * [ ] Homme (29)
     * [ ] Cadeaux (118)
     * [ ] Offres (33)
     * [ ] Vanity Gifts (31)

   Prix
     * [ ] 0€ - 50€ (16)
     * [ ] 50€ - 100€ (3)
     * [ ] 100€ - 200€ (1)

   Collections
     * [ ] Double Serum (1)
     * [ ] Masques SOS (1)
     * [ ] My Clarins (3)

   Préoccupation Beauté
     * [ ] Anti-âge (37)
     * [ ] Anti-poches, Anti-cernes (8)
     * [X] Brillance et pores visibles (19)
     * [ ] Clarté, Anti-taches (6)
     * [ ] Éclat et Énergie (44)
     * [ ] Hydratation (28)
     * [ ] Minceur (5)
     * [ ] Peau sensible (14)
     * [ ] Protection anti-UV (8)
     * [ ] Raffermissant (1)

   Soins Anti-Âge
     * [ ] 20-30 ans (4)
     * [ ] Tous les âges (12)

   Type de Peau
     * [ ] Peau grasse (6)
     * [ ] Peau mixte (8)
     * [ ] Peau mixte ou grasse (3)
     * [ ] Peau normale (2)
     * [ ] Tous types de peaux (8)

   Texture
     * [ ] Avec eau (1)
     * [ ] Compact (1)
     * [ ] Crème (3)
     * [ ] Crème-Gel (1)
     * [ ] Fluide (1)
     * [ ] Gel (2)
     * [ ] Lait (3)
     * [ ] Lotion (5)
     * [ ] Sérum (1)

   Effacer les filtres
   Filtres sélectionnés : Brillance et pores visibles x

   Trier par :

   [PERTINENCE_________] Trier par :
   (BUTTON) Envoyer

   vue grille
   vue détaillée
     *

     * Double Serum
     * Double Serum
     * Double Serum
     * Double Serum

   MEILLEURE VENTE
   Double Serum Double Serum
   Double Serum
   Le traitement anti-âge le plus complet.
     86,00 €
   286,67 € / 100 ml
   LIVRAISON GRATUITE
   [30 ml] Size variation
   (Ajouter au panier) Ajouter au panier
     Ajouter à la liste de favoris



     * Doux Polissant Crème à micrograins naturels
     * Doux Polissant Crème à micrograins naturels

   Doux Polissant Crème à micrograins naturels Doux Polissant Crème à
   micrograins naturels

   Doux Polissant Crème à micrograins naturels
   Crème gommante

     33,50 €

   67,00 € / 100 ml

   50 ml

   (Ajouter au panier) Ajouter au panier

     Ajouter à la liste de favoris



     * Doux Nettoyant Moussant Peaux Normales Ou Mixtes
     * Doux Nettoyant Moussant Peaux Normales Ou Mixtes

   Doux Nettoyant Moussant Peaux Normales Ou Mixtes Doux Nettoyant
   Moussant Peaux Normales Ou Mixtes

   Doux Nettoyant Moussant Peaux Normales Ou Mixtes
   Démaquillant à l'eau - Nettoie et adoucit la peau

     24,00 €

   19,20 € / 100 ml

   125 ml

   (Ajouter au panier) Ajouter au panier

     Ajouter à la liste de favoris



     * Lait Démaquillant Velours Peaux Mixtes ou Grasses
     * Lait Démaquillant Velours Peaux Mixtes ou Grasses

   Lait Démaquillant Velours Peaux Mixtes ou Grasses Lait Démaquillant
   Velours Peaux Mixtes ou Grasses

   Lait Démaquillant Velours Peaux Mixtes ou Grasses
   Le lait démaquillant qui élimine maquillage et impuretés, et tonifie

     22,50 €

   11,25 € / 100 ml

   200 ml

   (Ajouter au panier) Ajouter au panier

     Ajouter à la liste de favoris   Commander un échantillon



   [cspot-placeholder.gif]
   [Pictogram-Gift.svg]

   Jusqu’au 19 août

QUE CALOR !

   Clarins puise au cœur de la nature ses secrets de fraîcheur pour une
   peau belle et en pleine forme en toute température.
   Dès 80€ d'achat, recevez 2 essentiels beauté au choix et
   1 eau de soins super rafraîchissante.

   J'EN PROFITE



     * Lotion Tonique Iris Peaux Mixtes ou Grasses 400 ml grand format
     * Lotion Tonique Iris Peaux Mixtes ou Grasses 400 ml grand format

   LUXURY SIZE
   Lotion Tonique Iris Peaux Mixtes ou Grasses 400 ml grand format Lotion
   Tonique Iris Peaux Mixtes ou Grasses 400 ml grand format

   Lotion Tonique Iris Peaux Mixtes ou Grasses 400 ml grand format
   Pour parfaire le démaquillage, grand format

     34,00 €

   85,00 € / 1000 ml

   400 ml

   (Ajouter au panier) Ajouter au panier

     Ajouter à la liste de favoris



     * Lotion Tonique Iris Peaux Mixtes ou Grasses 400 ml grand format
     * Lotion Tonique Iris Peaux Mixtes ou Grasses 400 ml grand format

   LUXURY SIZE
   Lotion Tonique Iris Peaux Mixtes ou Grasses 400 ml grand format Lotion
   Tonique Iris Peaux Mixtes ou Grasses 400 ml grand format

   Lotion Tonique Iris Peaux Mixtes ou Grasses 400 ml grand format
   Pour parfaire le démaquillage, grand format

     34,00 €

   85,00 € / 1000 ml

   400 ml

   (Ajouter au panier) Ajouter au panier

     Ajouter à la liste de favoris



     * Doux Exfoliant Lotion de Clarté
     * Doux Exfoliant Lotion de Clarté

   Doux Exfoliant Lotion de Clarté Doux Exfoliant Lotion de Clarté

   Doux Exfoliant Lotion de Clarté
   Le gommage visage qui nettoie, exfolie, resserre les pores

     33,50 €

   26,80 € / 100 ml

   125 ml

   (Ajouter au panier) Ajouter au panier

     Ajouter à la liste de favoris



     * Eau de Pureté Nettoyante Express Peaux Mixtes ou Grasses

   Eau de Pureté Nettoyante Express Peaux Mixtes ou Grasses

   Eau de Pureté Nettoyante Express Peaux Mixtes ou Grasses
   Une eau nettoyante totalement rafraîchissante

     23,50 €

   11,75 € / 100 ml

   200 ml

   (Ajouter au panier) Ajouter au panier

     Ajouter à la liste de favoris   Commander un échantillon



     * Doux Nettoyant Moussant Peaux Mixtes ou Grasses
     * Doux Nettoyant Moussant Peaux Mixtes ou Grasses

   Doux Nettoyant Moussant Peaux Mixtes ou Grasses Doux Nettoyant Moussant
   Peaux Mixtes ou Grasses

   Doux Nettoyant Moussant Peaux Mixtes ou Grasses
   Démaquillant à l'eau - Nettoie et purifie la peau

     24,00 €

   19,20 € / 100 ml

   125 ml

   (Ajouter au panier) Ajouter au panier

     Ajouter à la liste de favoris



     * Lotion Tonique Iris Peaux Mixtes ou Grasses
     * Lotion Tonique Iris Peaux Mixtes ou Grasses

   Lotion Tonique Iris Peaux Mixtes ou Grasses Lotion Tonique Iris Peaux
   Mixtes ou Grasses

   Lotion Tonique Iris Peaux Mixtes ou Grasses
   Pour parfaire le démaquillage

     22,50 €

   11,25 € / 100 ml

   200 ml

   (Ajouter au panier) Ajouter au panier

     Ajouter à la liste de favoris



     * My Clarins PORE-LESS gomme pores et brillance
     * My Clarins PORE-LESS gomme pores et brillance
     * My Clarins PORE-LESS gomme pores et brillance
     * My Clarins PORE-LESS gomme pores et brillance

   NOUVEAU
   My Clarins PORE-LESS gomme pores et brillance My Clarins PORE-LESS
   gomme pores et brillance

   My Clarins PORE-LESS gomme pores et brillance
   Flouteur de pores et réducteur de brillance Toutes peaux

     17,00 €

   3,2 g

   (Ajouter au panier) Ajouter au panier

     Ajouter à la liste de favoris



     * My Clarins RE-MOVE gel nettoyant purifiant
     * My Clarins RE-MOVE gel nettoyant purifiant
     * My Clarins RE-MOVE gel nettoyant purifiant
     * My Clarins RE-MOVE gel nettoyant purifiant

   NOUVEAU
   My Clarins RE-MOVE gel nettoyant purifiant My Clarins RE-MOVE gel
   nettoyant purifiant

   My Clarins RE-MOVE gel nettoyant purifiant
   Purifiant Toutes peaux

     19,50 €

   15,60 € / 100 ml

   125 ml

   (Ajouter au panier) Ajouter au panier

     Ajouter à la liste de favoris   Commander un échantillon

   Go to top

Vos avantages permanents

     * Livraison gratuite dès € 70 d'achat
     * 3 échantillons
       offerts
     * Cadeaux
       exclusifs
     * Vos achats récompensés
     * Contactez-nous

     * PayPal
     * Visa
     * Mastercard

     * iDeal
     * Bancontact
     * UPS

   (BUTTON) +

Meilleures Ventes

     * Double Serum
     * Multi-Intensive Crème Rose Lumière - Toutes peaux
     * Double Serum et Multi-Intensive Programme anti-âge
     * Plant Gold - L'Or des Plantes
     * Extra-Firming Jour SPF 15 Toutes Peaux
     * Jour SPF 15 Toutes Peaux
     * Multi-Intensive Crème Haute Exigence Jour Toutes Peaux

   (BUTTON) +

Catégories

     * Nettoyants et Lotions
     * Hydratants
     * Sérums
     * Huiles Rééquilibrantes
     * Soins Corps
     * Yeux, Lèvres et Cou
     * Auto-bronzant
     * Protection
     * Après-soleil
     * Maquillage

   (BUTTON) +

Les Plus Populaires

     * Double Serum
     * Multi-Intensive Crème Rose Lumière - Toutes peaux
     * My Clarins RE-BOOST crème matité hydratante
     * Lotion Tonique Camomille Peaux Normales ou Sèches 400ml
     * Plant Gold - L'Or des Plantes
     * Extra-Firming Jour SPF 15 Toutes Peaux
     * Jour SPF 15 Toutes Peaux

   (BUTTON) +

Les Plus Populaires

     * Double Serum
     * Multi-Intensive Crème Rose Lumière - Toutes peaux
     * Double Serum et Multi-Intensive Programme anti-âge
     * Plant Gold - L'Or des Plantes
     * Eau Dynamisante - recharge
     * Huile "Tonic"
     * Lift-Fermeté Crème Riche Régénérante
     * Eclat Minute Embellisseur Lèvres
     * Baume Lèvres réparateur
     * SOS Primer 00-universal light

   (BUTTON) +

Nouveautés

     * Multi-Active Jour Toutes peaux
     * Multi-Active Jour Toutes peaux
     * Multi-Active Jour Peaux sèches
     * Multi-Active Jour SPF 20 Toutes peaux
     * Multi-Active Jour Gelée Peaux normales à mixtes
     * Mission Perfection Sérum
     * Multi-Intensive Concentré Zone Regard

   (BUTTON) +

Nouveautés

     * Gel Buste Super Lift
     * Shampoing Douche ClarinsMen
     * Mascara Volume
     * Bain aux Plantes "Tonic"
     * Palette Ready in a Flash
     * Pick&Love Lotion Tonique Camomille
     * ClarinsMen Fluide Super Hydratant SPF20
     * My Clarins RE-BOOST crème matité hydratante
     * Tonic Citrus Lait Corps
     * Belles mains et jolis pieds

   (BUTTON) -

Service & aide

     * Mon compte
     * Suivi de ma commande
     * Retours
     * Nous contacter
     * Informations d'expédition
     * F.A.Q.
     * Trouver un magasin/Spa
     * Consultation Beauté Clarins
     * FAQ Beauté
     * Options de paiement
     * Cookie Policy
     * Facil'iti

   (BUTTON) -

À propos

     * Le Groupe Clarins
     * Actions responsables
     * Spa
     * Recrutement
     * Club Clarins
     * Points de vente
     * Prix Clarins
     * Adapter l'affichage

Suivez-nous

     * Facebook
     *
     * Instagram
     * Pinterest
     * Twitter

Inscription à la newsletter

   ____________________ *Adresse e-mail
   (S'inscrire) S'inscrire
   *Champ obligatoire

   Les informations recueillies font l’objet d’un traitement informatique
   destiné à Clarins et à ses prestataires aux fins de gestion de la
   relation client,
   ... notamment pour vous adresser des offres personnalisées en fonction
   de vos précédents achats et intérêts. Elles sont conservées pendant un
   délai de trois ans à compter de votre dernier achat ou contact. Vous
   disposez d’un droit d’accès, de rectification, de suppression et de
   portabilité des informations qui vous concernent ainsi que d’un droit
   d’opposition et de limitation du traitement que vous pouvez exercer en
   nous contactant. Pour en savoir plus, veuillez consulter notre
   politique de respect de la vie privée.
   Voir plus

Consignes de tri

   Logo Triman Nos emballages / produits peuvent faire l'objet d'une
   consigne de tri.
   Pour en savoir plus:
   www.consignesdetri.fr

Sélectionnez

   [Clarins France_______________]
   Données personnelles | CGV | Mentions légales    ©Clarins copyright

   Chargement
   Votre session a expiré. Vous serez redirigé(e) vers la page d'accueil
   dans quelques secondes...
    #alternate alternate alternate alternate alternate alternate alternate
   alternate alternate alternate alternate alternate alternate alternate
   alternate alternate alternate alternate alternate alternate alternate
   alternate alternate alternate alternate alternate alternate alternate
   alternate alternate alternate alternate prev

   Menu
     * Nos points de vente
     * Spa
     * Qui sommes-nous?
     * Contactez-nous

   Clarins

   Search

   ____________________ (BUTTON) Envoyer

   0
     * Connexion

   [BUTTON Input] (not implemented)_____ Menu
     * Points de vente
     * Mon compte

     * Visage
       (BUTTON) Retour

Visage
       Voir tout
          + Catégories
            (BUTTON) Retour à Visage
               o Nettoyants & Lotions
               o Sérums & Boosters
               o Soins de jour
               o Soins de nuit
               o Contour des yeux
               o Soins Lèvres & Cou
               o Exfoliants & Masques
               o Huiles Visage
          + Collections
            (BUTTON) Retour à Visage
               o Boosters
               o Double Serum
               o Douceur
               o Éclat du Jour
               o Extra-Firming
               o Hydra-Essentiel
               o Lift-Affine
               o Masques SOS
               o Mission Perfection
               o Multi-Active
               o Multi-Intensive
               o My Clarins
               o UV Plus
               o White Plus
          + Préoccupation Beauté
            (BUTTON) Retour à Visage
               o Anti-âge
               o Anti-poches, Anti-cernes
               o Brillance et pores visibles
               o Clarté, Anti-taches
               o Éclat et Énergie
               o Hydratation
               o Minceur
               o Peau sensible
               o Protection anti-UV
               o Raffermissant
          + Nos sélections
               o Nouveautés Visage
               o Meilleures Ventes
               o Grands formats
               o Formats Voyage
               o Exclusivités
               o My Clarins
               o Clarins Box
               o Votre guide beauté
               o La beauté à emporter
          + Vous avez des questions ? Vous avez des questions ? Découvrez
            toutes nos réponses
            dans la nouvelle FAQ Beauté DÉCOUVRIR
       BESOIN D'UN CONSEIL ?
       Votre routine beauté personnalisée
     * Maquillage
       (BUTTON) Retour

Maquillage
       Voir tout
          + Teint
            (BUTTON) Retour à Maquillage
               o Bases & enlumineurs
               o Anti-cernes
               o Fonds de teint
               o Poudres
               o Blushs & poudres soleil
               o Fixateurs de Maquillage
               o Pinceaux
          + Yeux
            (BUTTON) Retour à Maquillage
               o Fards à Paupières
               o Eye Liner & Crayons
               o Mascaras
               o Sourcils
               o Bases fixantes
               o Démaquillants Yeux
          + Lèvres
            (BUTTON) Retour à Maquillage
               o Rouges à lèvres
               o Gloss
               o Baumes lèvres
               o Contour des lèvres
               o Huiles lèvres
               o Eaux à lèvres
          + Nos sélections
               o Nouveautés Maquillage
               o Meilleures Ventes
               o Collection Maquillage Printemps
               o Exclusivités
               o My Clarins
               o Clarins Box
               o Lipstick Finder
               o Foundation Finder
               o La beauté à emporter
          + Mascara Supra Volume SELFIE READY AVEC CLARINS Resplendissez
            sous les flashs ! DÉCOUVRIR
     * Corps
       (BUTTON) Retour

Corps
       Voir tout
          + Catégories
            (BUTTON) Retour à Corps
               o Minceur
               o Fermeté
               o Hydratants
               o Eaux de Soins
               o Exfoliants Corps
               o Huiles Corps
               o Bain & douche
               o Soins Buste
               o Soins des Mains & des Pieds
          + Préoccupation Beauté
            (BUTTON) Retour à Corps
               o Anti-âge
               o Éclat et Énergie
               o Hydratation et Confort
               o Maternité
               o Peau sensible
               o Raffermissant
               o Rétention d'eau
          + Nos sélections
               o Nouveautés Corps
               o Meilleures Ventes
               o Grands Formats
               o Exclusivités
               o My Clarins
               o Clarins Box
               o La beauté à emporter
          + PARFAITEMENT HYDRATÉE Body Fit Votre Expert Minceur
            en grand format JE DÉCOUVRE
          + PARFAITEMENT HYDRATÉE Besoin d’un coup de boost ? Fraîcheur
            intense et vitalité au rendez-vous ! JE DÉCOUVRE
     * My Clarins
       La nouvelle génération de soins

La nouvelle génération
de soins
       JE VEUX TOUT SAVOIR
       Quelle est ma routine idéale

Quelle est ma routine idéale ?
de soins
       JE FAIS LE QUIZ
       Mes indispensables

Mes indispensables
de soins
       JE DÉCOUVRE
     * Maternite
       Maternite

Conseils Beauté
       Découvrir
       Maternite

Les indispensables
       Découvrir
       Maternite

Les mamans d’abord
       Découvrir
     * Solaire
       (BUTTON) Retour

Solaire
       Voir tout
          + Catégories
            (BUTTON) Retour à Solaire
               o Protection solaire
               o Après-soleil
               o Auto-bronzants
          + PRÉOCCUPATION BEAUTÉ
            (BUTTON) Retour à Solaire
               o Concentré Éclat
               o Éclat et Énergie
               o Hydratation et Confort
               o Protection anti-UV
               o SPF 30
               o SPF 50
          + Nos sélections
               o Nouveautés
               o Meilleures Ventes
               o Grands formats
               o Exclusivités
               o Clarins Box
               o La beauté à emporter
          + protectionsolaire SOINS SOLAIRES Pour ne prendre que le
            meilleur du soleil. JE DÉCOUVRE
          + La beauté à emporter. Créez votre routine personnalisée. LA
            BEAUTE À EMPORTER ! Votre routine Clarins en taille voyage
            pour 29€. DÉCOUVRIR
     * Homme
       (BUTTON) Retour

Homme
       Voir tout
          + Catégories
            (BUTTON) Retour à Homme
               o Nettoyants & Lotions
               o Rasage
               o Hydratation
               o Anti-Âge
               o Soins Corps
          + Préoccupation Beauté
            (BUTTON) Retour à Homme
               o Anti-fatigue
               o Anti-poches, Anti-cernes
               o Concentré Éclat
               o Éclat et Énergie
               o Hydratation
               o Peau sensible
               o Protection anti-UV
               o SPF 20
          + Nos sélections
               o Nouveautés Homme
               o Meilleures Ventes
               o Grands formats
               o Exclusivités
          + SoinsRasage Soins Clarins Men Longue vie à la peau des hommes.
            DÉCOUVRIR
          + HydraSculptt Hydra-Sculpt Soin Restructurant Beau sous tous
            les angles. DÉCOUVRIR
     * Cadeaux
       (BUTTON) Retour

Cadeaux
       Voir tout
          + Catégories
            (BUTTON) Retour à Cadeaux
               o Pour Elle
               o Pour Lui
               o Coffrets cadeaux
               o eCarte cadeau
          + Prix
            (BUTTON) Retour à Cadeaux
               o 0€ - 50€
               o 50€ - 100€
               o 100€ - 200€
          + Idéescadeaux BON CADEAU SPA Offrez un soin visage, un soin
            corps ou un massage dans nos boutiques ACHETER
          + CadeauClarins ECARTES CADEAUX Facile et rapide : le cadeau
            idéal en un seul clic ACHETER
          + ClarinsBox Composez votre Cadeau sur-mesure A la recherche du
            cadeau parfait? Laissez-vous guider, Clarins vous aide à
            composer votre Cadeau sur-mesure ! DÉCOUVRIR
     * Offres
       [2019_SOS_Fraicheur_Prospects_FR_MegamenuFullWidth_571x331_Inte.jpg
       ]
       [Pictogram-Gift.svg]
       Jusqu’au 19 août

QUE CALOR !
       Clarins puise au cœur de la nature ses secrets de fraîcheur pour
       une peau belle et en pleine forme en toute température.
       Dès 80€ d'achat, recevez 2 essentiels beauté au choix et
       1 eau de soins super rafraîchissante.
       J'EN PROFITE

Entrez votre e-mail pour recevoir des offres spéciales
       ____________________ *Adresse e-mail
       (S'inscrire) S'inscrire
     * Club Clarins
     * Clarinsmag
     * Beauty School
     * [BUTTON Input] (not implemented)____
          + Cadeaux
          + Offres
          + Club Clarins
          + Clarinsmag
          + Beauty School

     * Nos points de vente
     * Spa
     * Qui sommes-nous?
     * Contactez-nous

   Search

   ____________________ (BUTTON) Envoyer

   La fonctionnalité Javascript de votre navigateur est désactivée.
   Veuillez l'activer pour profiter pleinement des possibilités de ce
   site.
   Accueil Visage Page : 2

Visage Brillance et pores visibles

   19 Produits

   Trier par :

   Trier par : [PERTINENCE_________] (BUTTON) Envoyer

   Filtrer
   Effacer les filtres
   Catégorie
     * [X] Visage (122)
          + [ ] Nettoyants & Lotions (12)
          + [ ] Sérums & Boosters (3)
          + [ ] Soins de jour (2)
          + [ ] Exfoliants & Masques (4)
     * [ ] Maquillage (77)
     * [ ] Corps (78)
     * [ ] My Clarins (6)
     * [ ] Maternite (2)
     * [ ] Solaire (24)
     * [ ] Homme (29)
     * [ ] Cadeaux (118)
     * [ ] Offres (33)
     * [ ] Vanity Gifts (31)

   Prix
     * [ ] 0€ - 50€ (16)
     * [ ] 50€ - 100€ (3)
     * [ ] 100€ - 200€ (1)

   Collections
     * [ ] Double Serum (1)
     * [ ] Masques SOS (1)
     * [ ] My Clarins (3)

   Préoccupation Beauté
     * [ ] Anti-âge (37)
     * [ ] Anti-poches, Anti-cernes (8)
     * [X] Brillance et pores visibles (19)
     * [ ] Clarté, Anti-taches (6)
     * [ ] Éclat et Énergie (44)
     * [ ] Hydratation (28)
     * [ ] Minceur (5)
     * [ ] Peau sensible (14)
     * [ ] Protection anti-UV (8)
     * [ ] Raffermissant (1)

   Soins Anti-Âge
     * [ ] 20-30 ans (4)
     * [ ] Tous les âges (12)

   Type de Peau
     * [ ] Peau grasse (6)
     * [ ] Peau mixte (8)
     * [ ] Peau mixte ou grasse (3)
     * [ ] Peau normale (2)
     * [ ] Tous types de peaux (8)

   Texture
     * [ ] Avec eau (1)
     * [ ] Compact (1)
     * [ ] Crème (3)
     * [ ] Crème-Gel (1)
     * [ ] Fluide (1)
     * [ ] Gel (2)
     * [ ] Lait (3)
     * [ ] Lotion (5)
     * [ ] Sérum (1)

   Effacer les filtres
   Filtres sélectionnés : Brillance et pores visibles x

   Trier par :

   [PERTINENCE_________] Trier par :
   (BUTTON) Envoyer

   vue grille
   vue détaillée
     *

     * Double Serum et Multi-ActiveProgramme anti-âge

   NOUVEAU
   Double Serum et Multi-ActiveProgramme anti-âge
   Double Serum et Multi-ActiveProgramme anti-âge
   Premières rides lissées, visage éclatant, peau plus tonique.
   aucun avis pour l'instant
     86,00 €
   LIVRAISON GRATUITE
   (Ajouter au panier) Ajouter au panier
     Ajouter à la liste de favoris



     * Lait Démaquillant Velours Peaux Mixtes ou Grasses Grand Format
       400ml
     * Lait Démaquillant Velours Peaux Mixtes ou Grasses Grand Format
       400ml
     * Lait Démaquillant Velours Peaux Mixtes ou Grasses Grand Format
       400ml

   LUXURY SIZE
   Lait Démaquillant Velours Peaux Mixtes ou Grasses Grand Format 400ml
   Lait Démaquillant Velours Peaux Mixtes ou Grasses Grand Format 400ml

   Lait Démaquillant Velours Peaux Mixtes ou Grasses Grand Format 400ml
   Le lait démaquillant qui élimine maquillage et impuretés, et tonifie

     34,00 €

   85,00 € / 1000 ml

   400 ml

   (Ajouter au panier) Ajouter au panier

     Ajouter à la liste de favoris



     * Lait Démaquillant Velours Peaux Mixtes ou Grasses Grand Format
       400ml
     * Lait Démaquillant Velours Peaux Mixtes ou Grasses Grand Format
       400ml
     * Lait Démaquillant Velours Peaux Mixtes ou Grasses Grand Format
       400ml

   LUXURY SIZE
   Lait Démaquillant Velours Peaux Mixtes ou Grasses Grand Format 400ml
   Lait Démaquillant Velours Peaux Mixtes ou Grasses Grand Format 400ml

   Lait Démaquillant Velours Peaux Mixtes ou Grasses Grand Format 400ml
   Le lait démaquillant qui élimine maquillage et impuretés, et tonifie

     34,00 €

   85,00 € / 1000 ml

   400 ml

   (Ajouter au panier) Ajouter au panier

     Ajouter à la liste de favoris



     * My Clarins CLEAR-OUT Soin ciblé imperfections
     * My Clarins CLEAR-OUT Soin ciblé imperfections
     * My Clarins CLEAR-OUT Soin ciblé imperfections
     * My Clarins CLEAR-OUT Soin ciblé imperfections

   NOUVEAU
   My Clarins CLEAR-OUT Soin ciblé imperfections My Clarins CLEAR-OUT Soin
   ciblé imperfections

   My Clarins CLEAR-OUT Soin ciblé imperfections
   Soin purifiant Toutes peaux

   aucun avis pour l'instant

     17,00 €

   113,33 € / 100 ml

   15 ml

   (Ajouter au panier) Ajouter au panier

     Ajouter à la liste de favoris



     * Pore Control
     * Pore Control
     * Pore Control

   Pore Control Pore Control

   Pore Control
   Le sérum perfecteur de peau conçu pour réduire l'apparence des pores
   visibles, affiner, lisser et unifier le grain de peau.

     55,00 €

   183,33 € / 100 ml

   30 ml

   (Ajouter au panier) Ajouter au panier

     Ajouter à la liste de favoris



     * SOS Pure Masque à l’argile rééquilibrant
     * SOS Pure Masque à l’argile rééquilibrant

   SOS Pure Masque à l’argile rééquilibrant SOS Pure Masque à l’argile
   rééquilibrant

   SOS Pure Masque à l’argile rééquilibrant
   L'indispensable des peaux qui brillent

     38,00 €

   50,67 € / 100 ml

   75 ml

   (Ajouter au panier) Ajouter au panier

     Ajouter à la liste de favoris



     * Doux Nettoyant Moussant à l’amande de coton
     * Doux Nettoyant Moussant à l’amande de coton
     * Doux Nettoyant Moussant à l’amande de coton

   NOUVEAU
   Doux Nettoyant Moussant à l’amande de coton Doux Nettoyant Moussant à
   l’amande de coton

   Doux Nettoyant Moussant à l’amande de coton
   Le mini démaquillant pour tous vos week-ends.

     11,50 €

   23,00 € / 100 ml

   50 ml

   (Ajouter au panier) Ajouter au panier

     Ajouter à la liste de favoris

   Go to top

Vos avantages permanents

     * Livraison gratuite dès € 70 d'achat
     * 3 échantillons
       offerts
     * Cadeaux
       exclusifs
     * Vos achats récompensés
     * Contactez-nous

     * PayPal
     * Visa
     * Mastercard

     * iDeal
     * Bancontact
     * UPS

   (BUTTON) +

Meilleures Ventes

     * Double Serum
     * Multi-Intensive Crème Rose Lumière - Toutes peaux
     * Double Serum et Multi-Intensive Programme anti-âge
     * Plant Gold - L'Or des Plantes
     * Extra-Firming Jour SPF 15 Toutes Peaux
     * Jour SPF 15 Toutes Peaux
     * Multi-Intensive Crème Haute Exigence Jour Toutes Peaux

   (BUTTON) +

Catégories

     * Nettoyants et Lotions
     * Hydratants
     * Sérums
     * Huiles Rééquilibrantes
     * Soins Corps
     * Yeux, Lèvres et Cou
     * Auto-bronzant
     * Protection
     * Après-soleil
     * Maquillage

   (BUTTON) +

Les Plus Populaires

     * Double Serum
     * Multi-Intensive Crème Rose Lumière - Toutes peaux
     * My Clarins RE-BOOST crème matité hydratante
     * Lotion Tonique Camomille Peaux Normales ou Sèches 400ml
     * Plant Gold - L'Or des Plantes
     * Extra-Firming Jour SPF 15 Toutes Peaux
     * Jour SPF 15 Toutes Peaux

   (BUTTON) +

Les Plus Populaires

     * Double Serum
     * Multi-Intensive Crème Rose Lumière - Toutes peaux
     * Double Serum et Multi-Intensive Programme anti-âge
     * Plant Gold - L'Or des Plantes
     * Eau Dynamisante - recharge
     * Huile "Tonic"
     * Lift-Fermeté Crème Riche Régénérante
     * Eclat Minute Embellisseur Lèvres
     * Baume Lèvres réparateur
     * SOS Primer 00-universal light

   (BUTTON) +

Nouveautés

     * Multi-Active Jour Toutes peaux
     * Multi-Active Jour Toutes peaux
     * Multi-Active Jour Peaux sèches
     * Multi-Active Jour SPF 20 Toutes peaux
     * Multi-Active Jour Gelée Peaux normales à mixtes
     * Mission Perfection Sérum
     * Multi-Intensive Concentré Zone Regard

   (BUTTON) +

Nouveautés

     * Gel Buste Super Lift
     * Shampoing Douche ClarinsMen
     * Mascara Volume
     * Bain aux Plantes "Tonic"
     * Palette Ready in a Flash
     * Pick&Love Lotion Tonique Camomille
     * ClarinsMen Fluide Super Hydratant SPF20
     * My Clarins RE-BOOST crème matité hydratante
     * Tonic Citrus Lait Corps
     * Belles mains et jolis pieds

   (BUTTON) -

Service & aide

     * Mon compte
     * Suivi de ma commande
     * Retours
     * Nous contacter
     * Informations d'expédition
     * F.A.Q.
     * Trouver un magasin/Spa
     * Consultation Beauté Clarins
     * FAQ Beauté
     * Options de paiement
     * Cookie Policy
     * Facil'iti

   (BUTTON) -

À propos

     * Le Groupe Clarins
     * Actions responsables
     * Spa
     * Recrutement
     * Club Clarins
     * Points de vente
     * Prix Clarins
     * Adapter l'affichage

Suivez-nous

     * Facebook
     *
     * Instagram
     * Pinterest
     * Twitter

Inscription à la newsletter

   ____________________ *Adresse e-mail
   (S'inscrire) S'inscrire
   *Champ obligatoire

   Les informations recueillies font l’objet d’un traitement informatique
   destiné à Clarins et à ses prestataires aux fins de gestion de la
   relation client,
   ... notamment pour vous adresser des offres personnalisées en fonction
   de vos précédents achats et intérêts. Elles sont conservées pendant un
   délai de trois ans à compter de votre dernier achat ou contact. Vous
   disposez d’un droit d’accès, de rectification, de suppression et de
   portabilité des informations qui vous concernent ainsi que d’un droit
   d’opposition et de limitation du traitement que vous pouvez exercer en
   nous contactant. Pour en savoir plus, veuillez consulter notre
   politique de respect de la vie privée.
   Voir plus

Consignes de tri

   Logo Triman Nos emballages / produits peuvent faire l'objet d'une
   consigne de tri.
   Pour en savoir plus:
   www.consignesdetri.fr

Sélectionnez

   [Clarins France_______________]
   Données personnelles | CGV | Mentions légales    ©Clarins copyright

   Chargement
   Votre session a expiré. Vous serez redirigé(e) vers la page d'accueil
   dans quelques secondes...
    #alternate alternate alternate alternate alternate alternate alternate
   alternate alternate alternate alternate alternate alternate alternate
   alternate alternate alternate alternate alternate alternate alternate
   alternate alternate alternate alternate alternate alternate alternate
   alternate alternate alternate alternate

   Menu
     * Nos points de vente
     * Spa
     * Qui sommes-nous?
     * Contactez-nous

   Clarins

   Search

   ____________________ (BUTTON) Envoyer

   0
     * Connexion

   [BUTTON Input] (not implemented)_____ Menu
     * Points de vente
     * Mon compte

     * Visage
       (BUTTON) Retour

Visage
       Voir tout
          + Catégories
            (BUTTON) Retour à Visage
               o Nettoyants & Lotions
               o Sérums & Boosters
               o Soins de jour
               o Soins de nuit
               o Contour des yeux
               o Soins Lèvres & Cou
               o Exfoliants & Masques
               o Huiles Visage
          + Collections
            (BUTTON) Retour à Visage
               o Boosters
               o Double Serum
               o Douceur
               o Éclat du Jour
               o Extra-Firming
               o Hydra-Essentiel
               o Lift-Affine
               o Masques SOS
               o Mission Perfection
               o Multi-Active
               o Multi-Intensive
               o My Clarins
               o UV Plus
               o White Plus
          + Préoccupation Beauté
            (BUTTON) Retour à Visage
               o Anti-âge
               o Anti-poches, Anti-cernes
               o Brillance et pores visibles
               o Clarté, Anti-taches
               o Éclat et Énergie
               o Hydratation
               o Minceur
               o Peau sensible
               o Protection anti-UV
               o Raffermissant
          + Nos sélections
               o Nouveautés Visage
               o Meilleures Ventes
               o Grands formats
               o Formats Voyage
               o Exclusivités
               o My Clarins
               o Clarins Box
               o Votre guide beauté
               o La beauté à emporter
          + Vous avez des questions ? Vous avez des questions ? Découvrez
            toutes nos réponses
            dans la nouvelle FAQ Beauté DÉCOUVRIR
       BESOIN D'UN CONSEIL ?
       Votre routine beauté personnalisée
     * Maquillage
       (BUTTON) Retour

Maquillage
       Voir tout
          + Teint
            (BUTTON) Retour à Maquillage
               o Bases & enlumineurs
               o Anti-cernes
               o Fonds de teint
               o Poudres
               o Blushs & poudres soleil
               o Fixateurs de Maquillage
               o Pinceaux
          + Yeux
            (BUTTON) Retour à Maquillage
               o Fards à Paupières
               o Eye Liner & Crayons
               o Mascaras
               o Sourcils
               o Bases fixantes
               o Démaquillants Yeux
          + Lèvres
            (BUTTON) Retour à Maquillage
               o Rouges à lèvres
               o Gloss
               o Baumes lèvres
               o Contour des lèvres
               o Huiles lèvres
               o Eaux à lèvres
          + Nos sélections
               o Nouveautés Maquillage
               o Meilleures Ventes
               o Collection Maquillage Printemps
               o Exclusivités
               o My Clarins
               o Clarins Box
               o Lipstick Finder
               o Foundation Finder
               o La beauté à emporter
          + Mascara Supra Volume SELFIE READY AVEC CLARINS Resplendissez
            sous les flashs ! DÉCOUVRIR
     * Corps
       (BUTTON) Retour

Corps
       Voir tout
          + Catégories
            (BUTTON) Retour à Corps
               o Minceur
               o Fermeté
               o Hydratants
               o Eaux de Soins
               o Exfoliants Corps
               o Huiles Corps
               o Bain & douche
               o Soins Buste
               o Soins des Mains & des Pieds
          + Préoccupation Beauté
            (BUTTON) Retour à Corps
               o Anti-âge
               o Éclat et Énergie
               o Hydratation et Confort
               o Maternité
               o Peau sensible
               o Raffermissant
               o Rétention d'eau
          + Nos sélections
               o Nouveautés Corps
               o Meilleures Ventes
               o Grands Formats
               o Exclusivités
               o My Clarins
               o Clarins Box
               o La beauté à emporter
          + PARFAITEMENT HYDRATÉE Body Fit Votre Expert Minceur
            en grand format JE DÉCOUVRE
          + PARFAITEMENT HYDRATÉE Besoin d’un coup de boost ? Fraîcheur
            intense et vitalité au rendez-vous ! JE DÉCOUVRE
     * My Clarins
       La nouvelle génération de soins

La nouvelle génération
de soins
       JE VEUX TOUT SAVOIR
       Quelle est ma routine idéale

Quelle est ma routine idéale ?
de soins
       JE FAIS LE QUIZ
       Mes indispensables

Mes indispensables
de soins
       JE DÉCOUVRE
     * Maternite
       Maternite

Conseils Beauté
       Découvrir
       Maternite

Les indispensables
       Découvrir
       Maternite

Les mamans d’abord
       Découvrir
     * Solaire
       (BUTTON) Retour

Solaire
       Voir tout
          + Catégories
            (BUTTON) Retour à Solaire
               o Protection solaire
               o Après-soleil
               o Auto-bronzants
          + PRÉOCCUPATION BEAUTÉ
            (BUTTON) Retour à Solaire
               o Concentré Éclat
               o Éclat et Énergie
               o Hydratation et Confort
               o Protection anti-UV
               o SPF 30
               o SPF 50
          + Nos sélections
               o Nouveautés
               o Meilleures Ventes
               o Grands formats
               o Exclusivités
               o Clarins Box
               o La beauté à emporter
          + protectionsolaire SOINS SOLAIRES Pour ne prendre que le
            meilleur du soleil. JE DÉCOUVRE
          + La beauté à emporter. Créez votre routine personnalisée. LA
            BEAUTE À EMPORTER ! Votre routine Clarins en taille voyage
            pour 29€. DÉCOUVRIR
     * Homme
       (BUTTON) Retour

Homme
       Voir tout
          + Catégories
            (BUTTON) Retour à Homme
               o Nettoyants & Lotions
               o Rasage
               o Hydratation
               o Anti-Âge
               o Soins Corps
          + Préoccupation Beauté
            (BUTTON) Retour à Homme
               o Anti-fatigue
               o Anti-poches, Anti-cernes
               o Concentré Éclat
               o Éclat et Énergie
               o Hydratation
               o Peau sensible
               o Protection anti-UV
               o SPF 20
          + Nos sélections
               o Nouveautés Homme
               o Meilleures Ventes
               o Grands formats
               o Exclusivités
          + SoinsRasage Soins Clarins Men Longue vie à la peau des hommes.
            DÉCOUVRIR
          + HydraSculptt Hydra-Sculpt Soin Restructurant Beau sous tous
            les angles. DÉCOUVRIR
     * Cadeaux
       (BUTTON) Retour

Cadeaux
       Voir tout
          + Catégories
            (BUTTON) Retour à Cadeaux
               o Pour Elle
               o Pour Lui
               o Coffrets cadeaux
               o eCarte cadeau
          + Prix
            (BUTTON) Retour à Cadeaux
               o 0€ - 50€
               o 50€ - 100€
               o 100€ - 200€
          + Idéescadeaux BON CADEAU SPA Offrez un soin visage, un soin
            corps ou un massage dans nos boutiques ACHETER
          + CadeauClarins ECARTES CADEAUX Facile et rapide : le cadeau
            idéal en un seul clic ACHETER
          + ClarinsBox Composez votre Cadeau sur-mesure A la recherche du
            cadeau parfait? Laissez-vous guider, Clarins vous aide à
            composer votre Cadeau sur-mesure ! DÉCOUVRIR
     * Offres
       [2019_SOS_Fraicheur_Prospects_FR_MegamenuFullWidth_571x331_Inte.jpg
       ]
       [Pictogram-Gift.svg]
       Jusqu’au 19 août

QUE CALOR !
       Clarins puise au cœur de la nature ses secrets de fraîcheur pour
       une peau belle et en pleine forme en toute température.
       Dès 80€ d'achat, recevez 2 essentiels beauté au choix et
       1 eau de soins super rafraîchissante.
       J'EN PROFITE

Entrez votre e-mail pour recevoir des offres spéciales
       ____________________ *Adresse e-mail
       (S'inscrire) S'inscrire
     * Club Clarins
     * Clarinsmag
     * Beauty School
     * [BUTTON Input] (not implemented)____
          + Cadeaux
          + Offres
          + Club Clarins
          + Clarinsmag
          + Beauty School

     * Nos points de vente
     * Spa
     * Qui sommes-nous?
     * Contactez-nous

   Search

   ____________________ (BUTTON) Envoyer

   La fonctionnalité Javascript de votre navigateur est désactivée.
   Veuillez l'activer pour profiter pleinement des possibilités de ce
   site.
   Accueil Visage

Visage Clarté, Anti-taches

   6 Produits

   Trier par :

   Trier par : [PERTINENCE_________] (BUTTON) Envoyer

   Filtrer
   Effacer les filtres
   Catégorie
     * [X] Visage (122)
          + [ ] Nettoyants & Lotions (1)
          + [ ] Sérums & Boosters (3)
          + [ ] Soins de jour (5)
     * [ ] Maquillage (77)
     * [ ] Corps (78)
     * [ ] My Clarins (6)
     * [ ] Maternite (2)
     * [ ] Solaire (24)
     * [ ] Homme (29)
     * [ ] Cadeaux (118)
     * [ ] Offres (33)
     * [ ] Vanity Gifts (31)

   Prix
     * [ ] 0€ - 50€ (3)
     * [ ] 50€ - 100€ (3)

   Collections
     * [ ] Mission Perfection (1)
     * [ ] White Plus (5)

   Préoccupation Beauté
     * [ ] Anti-âge (37)
     * [ ] Anti-poches, Anti-cernes (8)
     * [ ] Brillance et pores visibles (19)
     * [X] Clarté, Anti-taches (6)
     * [ ] Éclat et Énergie (44)
     * [ ] Hydratation (28)
     * [ ] Minceur (5)
     * [ ] Peau sensible (14)
     * [ ] Protection anti-UV (8)
     * [ ] Raffermissant (1)

   Soins Anti-Âge
     * [ ] 20-30 ans (1)
     * [ ] 30-40 ans (1)
     * [ ] Tous les âges (3)

   Type de Peau
     * [ ] Peau mixte (1)
     * [ ] Peau normale (1)
     * [ ] Peau sèche (1)
     * [ ] Tous types de peaux (6)

   Texture
     * [ ] Crème (2)
     * [ ] Fluide (1)
     * [ ] Gel (1)
     * [ ] Sérum (2)

   Effacer les filtres
   Filtres sélectionnés : Clarté, Anti-taches x

   Trier par :

   [PERTINENCE_________] Trier par :
   (BUTTON) Envoyer

   vue grille
   vue détaillée
     *

     * White Plus Sérum Tri-Activé Eclaircissant grand format
     * White Plus Sérum Tri-Activé Eclaircissant grand format

   White Plus Sérum Tri-Activé Eclaircissant grand format White Plus Sérum
   Tri-Activé Eclaircissant grand format
   White Plus Sérum Tri-Activé Eclaircissant grand format
   Le séruméclaircissant activateur des 3 dimensions d'un teint parfait.
     79,00 €
   158,00 € / 100 ml
   LIVRAISON GRATUITE
   50 ml
   (Ajouter au panier) Ajouter au panier
     Ajouter à la liste de favoris



     * White Plus Sérum Tri-Activé Eclaircissant
     * White Plus Sérum Tri-Activé Eclaircissant

   White Plus Sérum Tri-Activé Eclaircissant White Plus Sérum Tri-Activé
   Eclaircissant

   White Plus Sérum Tri-Activé Eclaircissant
   Le sérum éclaircissant activateur des 3 dimensions d'un teint parfait.

   aucun avis pour l'instant

     60,00 €

   200,00 € / 100 ml

   30 ml

   (Ajouter au panier) Ajouter au panier

     Ajouter à la liste de favoris   Commander un échantillon



     * White Plus Pure Translucency
     * White Plus Pure Translucency

   NOUVEAU
   White Plus Pure Translucency White Plus Pure Translucency

   White Plus Pure Translucency
   Concentré localisé anti-taches

   aucun avis pour l'instant

     28,00 €

   7 ml

   (Ajouter au panier) Ajouter au panier

     Ajouter à la liste de favoris



     * White Plus Mousse crème nettoyante éclat
     * White Plus Mousse crème nettoyante éclat
     * White Plus Mousse crème nettoyante éclat

   White Plus Mousse crème nettoyante éclat White Plus Mousse crème
   nettoyante éclat

   White Plus Mousse crème nettoyante éclat
   Le nettoyant visage éclaircissant à la texture mousse aérienne et fine.

     28,00 €

   18,67 € / 100 ml

   150 ml

   (Ajouter au panier) Ajouter au panier

     Ajouter à la liste de favoris



   [cspot-placeholder.gif]
   [Pictogram-Gift.svg]

   Jusqu’au 19 août

QUE CALOR !

   Clarins puise au cœur de la nature ses secrets de fraîcheur pour une
   peau belle et en pleine forme en toute température.
   Dès 80€ d'achat, recevez 2 essentiels beauté au choix et
   1 eau de soins super rafraîchissante.

   J'EN PROFITE



     * Mission Perfection Sérum
     * Mission Perfection Sérum

   Mission Perfection Sérum Mission Perfection Sérum

   Mission Perfection Sérum
   Réduit l'apparence des taches pigmentaires, unifie, redonne de la
   lumière.

     73,00 €

   243,33 € / 100 ml

   LIVRAISON GRATUITE

   30 ml

   (Ajouter au panier) Ajouter au panier

     Ajouter à la liste de favoris



     * White Plus Emulsion Éclaircissante
     * White Plus Emulsion Éclaircissante
     * White Plus Emulsion Éclaircissante

   White Plus Emulsion Éclaircissante White Plus Emulsion Éclaircissante

   White Plus Emulsion Éclaircissante
   Une émulsion éclaircissante à la fois riche et fondante.

   aucun avis pour l'instant

     45,50 €

   60,67 € / 100 ml

   75 ml

   (Ajouter au panier) Ajouter au panier

     Ajouter à la liste de favoris

   Go to top

Vos avantages permanents

     * Livraison gratuite dès € 70 d'achat
     * 3 échantillons
       offerts
     * Cadeaux
       exclusifs
     * Vos achats récompensés
     * Contactez-nous

     * PayPal
     * Visa
     * Mastercard

     * iDeal
     * Bancontact
     * UPS

   (BUTTON) +

Meilleures Ventes

     * Double Serum
     * Multi-Intensive Crème Rose Lumière - Toutes peaux
     * Double Serum et Multi-Intensive Programme anti-âge
     * Plant Gold - L'Or des Plantes
     * Extra-Firming Jour SPF 15 Toutes Peaux
     * Jour SPF 15 Toutes Peaux
     * Multi-Intensive Crème Haute Exigence Jour Toutes Peaux

   (BUTTON) +

Catégories

     * Nettoyants et Lotions
     * Hydratants
     * Sérums
     * Huiles Rééquilibrantes
     * Soins Corps
     * Yeux, Lèvres et Cou
     * Auto-bronzant
     * Protection
     * Après-soleil
     * Maquillage

   (BUTTON) +

Les Plus Populaires

     * Double Serum
     * Multi-Intensive Crème Rose Lumière - Toutes peaux
     * My Clarins RE-BOOST crème matité hydratante
     * Lotion Tonique Camomille Peaux Normales ou Sèches 400ml
     * Plant Gold - L'Or des Plantes
     * Extra-Firming Jour SPF 15 Toutes Peaux
     * Jour SPF 15 Toutes Peaux

   (BUTTON) +

Les Plus Populaires

     * Double Serum
     * Multi-Intensive Crème Rose Lumière - Toutes peaux
     * Double Serum et Multi-Intensive Programme anti-âge
     * Plant Gold - L'Or des Plantes
     * Eau Dynamisante - recharge
     * Huile "Tonic"
     * Lift-Fermeté Crème Riche Régénérante
     * Eclat Minute Embellisseur Lèvres
     * Baume Lèvres réparateur
     * SOS Primer 00-universal light

   (BUTTON) +

Nouveautés

     * Multi-Active Jour Toutes peaux
     * Multi-Active Jour Toutes peaux
     * Multi-Active Jour Peaux sèches
     * Multi-Active Jour SPF 20 Toutes peaux
     * Multi-Active Jour Gelée Peaux normales à mixtes
     * Mission Perfection Sérum
     * Multi-Intensive Concentré Zone Regard

   (BUTTON) +

Nouveautés

     * Gel Buste Super Lift
     * Shampoing Douche ClarinsMen
     * Mascara Volume
     * Bain aux Plantes "Tonic"
     * Palette Ready in a Flash
     * Pick&Love Lotion Tonique Camomille
     * ClarinsMen Fluide Super Hydratant SPF20
     * My Clarins RE-BOOST crème matité hydratante
     * Tonic Citrus Lait Corps
     * Belles mains et jolis pieds

   (BUTTON) -

Service & aide

     * Mon compte
     * Suivi de ma commande
     * Retours
     * Nous contacter
     * Informations d'expédition
     * F.A.Q.
     * Trouver un magasin/Spa
     * Consultation Beauté Clarins
     * FAQ Beauté
     * Options de paiement
     * Cookie Policy
     * Facil'iti

   (BUTTON) -

À propos

     * Le Groupe Clarins
     * Actions responsables
     * Spa
     * Recrutement
     * Club Clarins
     * Points de vente
     * Prix Clarins
     * Adapter l'affichage

Suivez-nous

     * Facebook
     *
     * Instagram
     * Pinterest
     * Twitter

Inscription à la newsletter

   ____________________ *Adresse e-mail
   (S'inscrire) S'inscrire
   *Champ obligatoire

   Les informations recueillies font l’objet d’un traitement informatique
   destiné à Clarins et à ses prestataires aux fins de gestion de la
   relation client,
   ... notamment pour vous adresser des offres personnalisées en fonction
   de vos précédents achats et intérêts. Elles sont conservées pendant un
   délai de trois ans à compter de votre dernier achat ou contact. Vous
   disposez d’un droit d’accès, de rectification, de suppression et de
   portabilité des informations qui vous concernent ainsi que d’un droit
   d’opposition et de limitation du traitement que vous pouvez exercer en
   nous contactant. Pour en savoir plus, veuillez consulter notre
   politique de respect de la vie privée.
   Voir plus

Consignes de tri

   Logo Triman Nos emballages / produits peuvent faire l'objet d'une
   consigne de tri.
   Pour en savoir plus:
   www.consignesdetri.fr

Sélectionnez

   [Clarins France_______________]
   Données personnelles | CGV | Mentions légales    ©Clarins copyright

   Chargement
   Votre session a expiré. Vous serez redirigé(e) vers la page d'accueil
   dans quelques secondes...
    #alternate alternate alternate alternate alternate alternate alternate
   alternate alternate alternate alternate alternate alternate alternate
   alternate alternate alternate alternate alternate alternate alternate
   alternate alternate alternate alternate alternate alternate alternate
   alternate alternate alternate alternate next

   Menu
     * Nos points de vente
     * Spa
     * Qui sommes-nous?
     * Contactez-nous

   Clarins

   Search

   ____________________ (BUTTON) Envoyer

   0
     * Connexion

   [BUTTON Input] (not implemented)_____ Menu
     * Points de vente
     * Mon compte

     * Visage
       (BUTTON) Retour

Visage
       Voir tout
          + Catégories
            (BUTTON) Retour à Visage
               o Nettoyants & Lotions
               o Sérums & Boosters
               o Soins de jour
               o Soins de nuit
               o Contour des yeux
               o Soins Lèvres & Cou
               o Exfoliants & Masques
               o Huiles Visage
          + Collections
            (BUTTON) Retour à Visage
               o Boosters
               o Double Serum
               o Douceur
               o Éclat du Jour
               o Extra-Firming
               o Hydra-Essentiel
               o Lift-Affine
               o Masques SOS
               o Mission Perfection
               o Multi-Active
               o Multi-Intensive
               o My Clarins
               o UV Plus
               o White Plus
          + Préoccupation Beauté
            (BUTTON) Retour à Visage
               o Anti-âge
               o Anti-poches, Anti-cernes
               o Brillance et pores visibles
               o Clarté, Anti-taches
               o Éclat et Énergie
               o Hydratation
               o Minceur
               o Peau sensible
               o Protection anti-UV
               o Raffermissant
          + Nos sélections
               o Nouveautés Visage
               o Meilleures Ventes
               o Grands formats
               o Formats Voyage
               o Exclusivités
               o My Clarins
               o Clarins Box
               o Votre guide beauté
               o La beauté à emporter
          + Vous avez des questions ? Vous avez des questions ? Découvrez
            toutes nos réponses
            dans la nouvelle FAQ Beauté DÉCOUVRIR
       BESOIN D'UN CONSEIL ?
       Votre routine beauté personnalisée
     * Maquillage
       (BUTTON) Retour

Maquillage
       Voir tout
          + Teint
            (BUTTON) Retour à Maquillage
               o Bases & enlumineurs
               o Anti-cernes
               o Fonds de teint
               o Poudres
               o Blushs & poudres soleil
               o Fixateurs de Maquillage
               o Pinceaux
          + Yeux
            (BUTTON) Retour à Maquillage
               o Fards à Paupières
               o Eye Liner & Crayons
               o Mascaras
               o Sourcils
               o Bases fixantes
               o Démaquillants Yeux
          + Lèvres
            (BUTTON) Retour à Maquillage
               o Rouges à lèvres
               o Gloss
               o Baumes lèvres
               o Contour des lèvres
               o Huiles lèvres
               o Eaux à lèvres
          + Nos sélections
               o Nouveautés Maquillage
               o Meilleures Ventes
               o Collection Maquillage Printemps
               o Exclusivités
               o My Clarins
               o Clarins Box
               o Lipstick Finder
               o Foundation Finder
               o La beauté à emporter
          + Mascara Supra Volume SELFIE READY AVEC CLARINS Resplendissez
            sous les flashs ! DÉCOUVRIR
     * Corps
       (BUTTON) Retour

Corps
       Voir tout
          + Catégories
            (BUTTON) Retour à Corps
               o Minceur
               o Fermeté
               o Hydratants
               o Eaux de Soins
               o Exfoliants Corps
               o Huiles Corps
               o Bain & douche
               o Soins Buste
               o Soins des Mains & des Pieds
          + Préoccupation Beauté
            (BUTTON) Retour à Corps
               o Anti-âge
               o Éclat et Énergie
               o Hydratation et Confort
               o Maternité
               o Peau sensible
               o Raffermissant
               o Rétention d'eau
          + Nos sélections
               o Nouveautés Corps
               o Meilleures Ventes
               o Grands Formats
               o Exclusivités
               o My Clarins
               o Clarins Box
               o La beauté à emporter
          + PARFAITEMENT HYDRATÉE Body Fit Votre Expert Minceur
            en grand format JE DÉCOUVRE
          + PARFAITEMENT HYDRATÉE Besoin d’un coup de boost ? Fraîcheur
            intense et vitalité au rendez-vous ! JE DÉCOUVRE
     * My Clarins
       La nouvelle génération de soins

La nouvelle génération
de soins
       JE VEUX TOUT SAVOIR
       Quelle est ma routine idéale

Quelle est ma routine idéale ?
de soins
       JE FAIS LE QUIZ
       Mes indispensables

Mes indispensables
de soins
       JE DÉCOUVRE
     * Maternite
       Maternite

Conseils Beauté
       Découvrir
       Maternite

Les indispensables
       Découvrir
       Maternite

Les mamans d’abord
       Découvrir
     * Solaire
       (BUTTON) Retour

Solaire
       Voir tout
          + Catégories
            (BUTTON) Retour à Solaire
               o Protection solaire
               o Après-soleil
               o Auto-bronzants
          + PRÉOCCUPATION BEAUTÉ
            (BUTTON) Retour à Solaire
               o Concentré Éclat
               o Éclat et Énergie
               o Hydratation et Confort
               o Protection anti-UV
               o SPF 30
               o SPF 50
          + Nos sélections
               o Nouveautés
               o Meilleures Ventes
               o Grands formats
               o Exclusivités
               o Clarins Box
               o La beauté à emporter
          + protectionsolaire SOINS SOLAIRES Pour ne prendre que le
            meilleur du soleil. JE DÉCOUVRE
          + La beauté à emporter. Créez votre routine personnalisée. LA
            BEAUTE À EMPORTER ! Votre routine Clarins en taille voyage
            pour 29€. DÉCOUVRIR
     * Homme
       (BUTTON) Retour

Homme
       Voir tout
          + Catégories
            (BUTTON) Retour à Homme
               o Nettoyants & Lotions
               o Rasage
               o Hydratation
               o Anti-Âge
               o Soins Corps
          + Préoccupation Beauté
            (BUTTON) Retour à Homme
               o Anti-fatigue
               o Anti-poches, Anti-cernes
               o Concentré Éclat
               o Éclat et Énergie
               o Hydratation
               o Peau sensible
               o Protection anti-UV
               o SPF 20
          + Nos sélections
               o Nouveautés Homme
               o Meilleures Ventes
               o Grands formats
               o Exclusivités
          + SoinsRasage Soins Clarins Men Longue vie à la peau des hommes.
            DÉCOUVRIR
          + HydraSculptt Hydra-Sculpt Soin Restructurant Beau sous tous
            les angles. DÉCOUVRIR
     * Cadeaux
       (BUTTON) Retour

Cadeaux
       Voir tout
          + Catégories
            (BUTTON) Retour à Cadeaux
               o Pour Elle
               o Pour Lui
               o Coffrets cadeaux
               o eCarte cadeau
          + Prix
            (BUTTON) Retour à Cadeaux
               o 0€ - 50€
               o 50€ - 100€
               o 100€ - 200€
          + Idéescadeaux BON CADEAU SPA Offrez un soin visage, un soin
            corps ou un massage dans nos boutiques ACHETER
          + CadeauClarins ECARTES CADEAUX Facile et rapide : le cadeau
            idéal en un seul clic ACHETER
          + ClarinsBox Composez votre Cadeau sur-mesure A la recherche du
            cadeau parfait? Laissez-vous guider, Clarins vous aide à
            composer votre Cadeau sur-mesure ! DÉCOUVRIR
     * Offres
       [2019_SOS_Fraicheur_Prospects_FR_MegamenuFullWidth_571x331_Inte.jpg
       ]
       [Pictogram-Gift.svg]
       Jusqu’au 19 août

QUE CALOR !
       Clarins puise au cœur de la nature ses secrets de fraîcheur pour
       une peau belle et en pleine forme en toute température.
       Dès 80€ d'achat, recevez 2 essentiels beauté au choix et
       1 eau de soins super rafraîchissante.
       J'EN PROFITE

Entrez votre e-mail pour recevoir des offres spéciales
       ____________________ *Adresse e-mail
       (S'inscrire) S'inscrire
     * Club Clarins
     * Clarinsmag
     * Beauty School
     * [BUTTON Input] (not implemented)____
          + Cadeaux
          + Offres
          + Club Clarins
          + Clarinsmag
          + Beauty School

     * Nos points de vente
     * Spa
     * Qui sommes-nous?
     * Contactez-nous

   Search

   ____________________ (BUTTON) Envoyer

   La fonctionnalité Javascript de votre navigateur est désactivée.
   Veuillez l'activer pour profiter pleinement des possibilités de ce
   site.
   Accueil Visage

Visage Éclat et Énergie

   44 Produits

   Trier par :

   Trier par : [PERTINENCE_________] (BUTTON) Envoyer

   Filtrer
   Effacer les filtres
   Catégorie
     * [X] Visage (122)
          + [ ] Nettoyants & Lotions (6)
          + [ ] Sérums & Boosters (7)
          + [ ] Soins de jour (22)
          + [ ] Contour des yeux (3)
          + [ ] Exfoliants & Masques (13)
          + [ ] Huiles Visage (3)
     * [ ] Maquillage (77)
     * [ ] Corps (78)
     * [ ] My Clarins (6)
     * [ ] Maternite (2)
     * [ ] Solaire (24)
     * [ ] Homme (29)
     * [ ] Cadeaux (118)
     * [ ] Offres (33)
     * [ ] Vanity Gifts (31)

   Prix
     * [ ] 0€ - 50€ (32)
     * [ ] 50€ - 100€ (11)
     * [ ] 100€ - 200€ (3)

   Collections
     * [ ] Boosters (2)
     * [ ] Double Serum (1)
     * [ ] Extra-Firming (1)
     * [ ] Hydra-Essentiel (8)
     * [ ] Lift-Affine (1)
     * [ ] Masques SOS (3)
     * [ ] Mission Perfection (1)
     * [ ] Multi-Active (1)
     * [ ] Multi-Intensive (3)
     * [ ] My Clarins (6)
     * [ ] UV Plus (1)
     * [ ] White Plus (2)

   Préoccupation Beauté
     * [ ] Anti-âge (37)
     * [ ] Anti-poches, Anti-cernes (8)
     * [ ] Brillance et pores visibles (19)
     * [ ] Clarté, Anti-taches (6)
     * [X] Éclat et Énergie (44)
     * [ ] Hydratation (28)
     * [ ] Minceur (5)
     * [ ] Peau sensible (14)
     * [ ] Protection anti-UV (8)
     * [ ] Raffermissant (1)

   Soins Anti-Âge
     * [ ] 20-30 ans (14)
     * [ ] 30+ (1)
     * [ ] 30-40 ans (1)
     * [ ] 40-50 ans (1)
     * [ ] 50+ (2)
     * [ ] 50-60 ans (2)
     * [ ] Tous les âges (24)

   Type de Peau
     * [ ] Peau grasse (2)
     * [ ] Peau mixte (4)
     * [ ] Peau normale (6)
     * [ ] Peau sèche (7)
     * [ ] Tous types de peaux (30)

   Texture
     * [ ] Avec eau (1)
     * [ ] Bi-Phase (1)
     * [ ] Crème (19)
     * [ ] Crème-Gel (4)
     * [ ] Fluide (8)
     * [ ] Gel (2)
     * [ ] Gel / Fluide (1)
     * [ ] Huile (2)
     * [ ] Lotion (3)
     * [ ] Sérum (2)
     * [ ] Splash (1)

   Effacer les filtres
   Filtres sélectionnés : Éclat et Énergie x

   Trier par :

   [PERTINENCE_________] Trier par :
   (BUTTON) Envoyer

   vue grille
   vue détaillée
     *

     * Double Serum
     * Double Serum
     * Double Serum
     * Double Serum

   MEILLEURE VENTE
   Double Serum Double Serum
   Double Serum
   Le traitement anti-âge le plus complet.
     86,00 €
   286,67 € / 100 ml
   LIVRAISON GRATUITE
   [30 ml] Size variation
   (Ajouter au panier) Ajouter au panier
     Ajouter à la liste de favoris



     * Booster DETOX
     * Booster DETOX
     * Booster DETOX
     * Booster DETOX

   Booster DETOX Booster DETOX

   Booster DETOX
   Détoxifie et ravive l'éclat

     39,00 €

   260,00 € / 100 ml

   15 ml

   (Ajouter au panier) Ajouter au panier

     Ajouter à la liste de favoris



     * Booster DETOX
     * Booster DETOX
     * Booster DETOX
     * Booster DETOX

   Booster DETOX Booster DETOX

   Booster DETOX
   Détoxifie et ravive l'éclat

     39,00 €

   260,00 € / 100 ml

   15 ml

   (Ajouter au panier) Ajouter au panier

     Ajouter à la liste de favoris



     * Doux Polissant Crème à micrograins naturels
     * Doux Polissant Crème à micrograins naturels

   Doux Polissant Crème à micrograins naturels Doux Polissant Crème à
   micrograins naturels

   Doux Polissant Crème à micrograins naturels
   Crème gommante

     33,50 €

   67,00 € / 100 ml

   50 ml

   (Ajouter au panier) Ajouter au panier

     Ajouter à la liste de favoris



   [cspot-placeholder.gif]
   [Pictogram-Gift.svg]

   Jusqu’au 19 août

QUE CALOR !

   Clarins puise au cœur de la nature ses secrets de fraîcheur pour une
   peau belle et en pleine forme en toute température.
   Dès 80€ d'achat, recevez 2 essentiels beauté au choix et
   1 eau de soins super rafraîchissante.

   J'EN PROFITE



     * Baume Beauté Éclair
     * Baume Beauté Éclair

   Baume Beauté Éclair Baume Beauté Éclair

   Baume Beauté Éclair
   Atténue les marques de fatigue, réveille l'éclat du teint

     39,00 €

   78,00 € / 100 ml

   50 ml

   (Ajouter au panier) Ajouter au panier

     Ajouter à la liste de favoris



     * Doux Peeling Crème Gommante
     * Doux Peeling Crème Gommante

   Doux Peeling Crème Gommante Doux Peeling Crème Gommante

   Doux Peeling Crème Gommante
   Gommage douceur

     29,00 €

   58,00 € / 100 ml

   50 ml

   (Ajouter au panier) Ajouter au panier

     Ajouter à la liste de favoris



     * Huile Santal - Peaux Sèches ou Rosées
     * Huile Santal - Peaux Sèches ou Rosées
     * Huile Santal - Peaux Sèches ou Rosées

   Huile Santal - Peaux Sèches ou Rosées Huile Santal - Peaux Sèches ou
   Rosées

   Huile Santal - Peaux Sèches ou Rosées
   Nourrit & Apaise 100% purs extraits de plantes

     44,00 €

   146,67 € / 100 ml

   30 ml

   (Ajouter au panier) Ajouter au panier

     Ajouter à la liste de favoris



     * Démaquillant Tonic Express Toutes Peaux
     * Démaquillant Tonic Express Toutes Peaux

   OFFRE SPECIALE
   Démaquillant Tonic Express Toutes Peaux Démaquillant Tonic Express
   Toutes Peaux

   Démaquillant Tonic Express Toutes Peaux
   Démaquille, tonifie et revivifie la peau

     27,50 €

   13,75 € / 100 ml

   200 ml

   (Ajouter au panier) Ajouter au panier

     Ajouter à la liste de favoris



     * Doux Exfoliant Lotion de Clarté
     * Doux Exfoliant Lotion de Clarté

   Doux Exfoliant Lotion de Clarté Doux Exfoliant Lotion de Clarté

   Doux Exfoliant Lotion de Clarté
   Le gommage visage qui nettoie, exfolie, resserre les pores

     33,50 €

   26,80 € / 100 ml

   125 ml

   (Ajouter au panier) Ajouter au panier

     Ajouter à la liste de favoris



     * Doux Nettoyant Gommant Express Toutes Peaux
     * Doux Nettoyant Gommant Express Toutes Peaux

   Doux Nettoyant Gommant Express Toutes Peaux Doux Nettoyant Gommant
   Express Toutes Peaux

   Doux Nettoyant Gommant Express Toutes Peaux
   Le gommage visage qui nettoie, exfolie, tonifie

     32,00 €

   25,60 € / 100 ml

   125 ml

   (Ajouter au panier) Ajouter au panier

     Ajouter à la liste de favoris   Commander un échantillon



     * Huile Orchidée Bleue - Peaux Déshydratées
     * Huile Orchidée Bleue - Peaux Déshydratées
     * Huile Orchidée Bleue - Peaux Déshydratées

   MEILLEURE VENTE
   Huile Orchidée Bleue - Peaux Déshydratées Huile Orchidée Bleue - Peaux
   Déshydratées

   Huile Orchidée Bleue - Peaux Déshydratées
   Tonifie & Restaure l'éclat du teint 100% purs extraits de plantes

     44,00 €

   146,67 € / 100 ml

   30 ml

   (Ajouter au panier) Ajouter au panier

     Ajouter à la liste de favoris



     * My Clarins RE-BOOST crème confort hydratante
     * My Clarins RE-BOOST crème confort hydratante
     * My Clarins RE-BOOST crème confort hydratante
     * My Clarins RE-BOOST crème confort hydratante

   NOUVEAU
   My Clarins RE-BOOST crème confort hydratante My Clarins RE-BOOST crème
   confort hydratante

   My Clarins RE-BOOST crème confort hydratante
   Crème hydratante Peaux sèches à sensible

     25,00 €

   50,00 € / 100 ml

   50 ml

   (Ajouter au panier) Ajouter au panier

     Ajouter à la liste de favoris   Commander un échantillon

   Go to top

Vos avantages permanents

     * Livraison gratuite dès € 70 d'achat
     * 3 échantillons
       offerts
     * Cadeaux
       exclusifs
     * Vos achats récompensés
     * Contactez-nous

     * PayPal
     * Visa
     * Mastercard

     * iDeal
     * Bancontact
     * UPS

   (BUTTON) +

Meilleures Ventes

     * Double Serum
     * Multi-Intensive Crème Rose Lumière - Toutes peaux
     * Double Serum et Multi-Intensive Programme anti-âge
     * Plant Gold - L'Or des Plantes
     * Extra-Firming Jour SPF 15 Toutes Peaux
     * Jour SPF 15 Toutes Peaux
     * Multi-Intensive Crème Haute Exigence Jour Toutes Peaux

   (BUTTON) +

Catégories

     * Nettoyants et Lotions
     * Hydratants
     * Sérums
     * Huiles Rééquilibrantes
     * Soins Corps
     * Yeux, Lèvres et Cou
     * Auto-bronzant
     * Protection
     * Après-soleil
     * Maquillage

   (BUTTON) +

Les Plus Populaires

     * Double Serum
     * Multi-Intensive Crème Rose Lumière - Toutes peaux
     * My Clarins RE-BOOST crème matité hydratante
     * Lotion Tonique Camomille Peaux Normales ou Sèches 400ml
     * Plant Gold - L'Or des Plantes
     * Extra-Firming Jour SPF 15 Toutes Peaux
     * Jour SPF 15 Toutes Peaux

   (BUTTON) +

Les Plus Populaires

     * Double Serum
     * Multi-Intensive Crème Rose Lumière - Toutes peaux
     * Double Serum et Multi-Intensive Programme anti-âge
     * Plant Gold - L'Or des Plantes
     * Eau Dynamisante - recharge
     * Huile "Tonic"
     * Lift-Fermeté Crème Riche Régénérante
     * Eclat Minute Embellisseur Lèvres
     * Baume Lèvres réparateur
     * SOS Primer 00-universal light

   (BUTTON) +

Nouveautés

     * Multi-Active Jour Toutes peaux
     * Multi-Active Jour Toutes peaux
     * Multi-Active Jour Peaux sèches
     * Multi-Active Jour SPF 20 Toutes peaux
     * Multi-Active Jour Gelée Peaux normales à mixtes
     * Mission Perfection Sérum
     * Multi-Intensive Concentré Zone Regard

   (BUTTON) +

Nouveautés

     * Gel Buste Super Lift
     * Shampoing Douche ClarinsMen
     * Mascara Volume
     * Bain aux Plantes "Tonic"
     * Palette Ready in a Flash
     * Pick&Love Lotion Tonique Camomille
     * ClarinsMen Fluide Super Hydratant SPF20
     * My Clarins RE-BOOST crème matité hydratante
     * Tonic Citrus Lait Corps
     * Belles mains et jolis pieds

   (BUTTON) -

Service & aide

     * Mon compte
     * Suivi de ma commande
     * Retours
     * Nous contacter
     * Informations d'expédition
     * F.A.Q.
     * Trouver un magasin/Spa
     * Consultation Beauté Clarins
     * FAQ Beauté
     * Options de paiement
     * Cookie Policy
     * Facil'iti

   (BUTTON) -

À propos

     * Le Groupe Clarins
     * Actions responsables
     * Spa
     * Recrutement
     * Club Clarins
     * Points de vente
     * Prix Clarins
     * Adapter l'affichage

Suivez-nous

     * Facebook
     *
     * Instagram
     * Pinterest
     * Twitter

Inscription à la newsletter

   ____________________ *Adresse e-mail
   (S'inscrire) S'inscrire
   *Champ obligatoire

   Les informations recueillies font l’objet d’un traitement informatique
   destiné à Clarins et à ses prestataires aux fins de gestion de la
   relation client,
   ... notamment pour vous adresser des offres personnalisées en fonction
   de vos précédents achats et intérêts. Elles sont conservées pendant un
   délai de trois ans à compter de votre dernier achat ou contact. Vous
   disposez d’un droit d’accès, de rectification, de suppression et de
   portabilité des informations qui vous concernent ainsi que d’un droit
   d’opposition et de limitation du traitement que vous pouvez exercer en
   nous contactant. Pour en savoir plus, veuillez consulter notre
   politique de respect de la vie privée.
   Voir plus

Consignes de tri

   Logo Triman Nos emballages / produits peuvent faire l'objet d'une
   consigne de tri.
   Pour en savoir plus:
   www.consignesdetri.fr

Sélectionnez

   [Clarins France_______________]
   Données personnelles | CGV | Mentions légales    ©Clarins copyright

   Chargement
   Votre session a expiré. Vous serez redirigé(e) vers la page d'accueil
   dans quelques secondes...
